3282 4992
334 308 382 358 DE
405 312 456 359 XII
479 309 692 360 TABVLARVM
714 312 892 372 aanlqvns
915 312 1202 362 GONSTITVENDIS'.
1296 297 1343 387 ffl

197 465 329 532 Etenim
354 466 513 530 immerito
539 466 647 530 adhue
672 465 857 551 neglegitur
880 476 1028 532 veterum
1054 467 1096 531 de
1117 467 1232 533 formis
1259 478 1342 554 quae

196 577 273 633 sunt
283 567 396 648 ⁹duis’,
409 566 518 648 uuir,
535 567 673 632 ‘adduit'
690 567 917 655 similibusque
926 569 1076 634 doctrina
1087 571 1238 656 quamvis
1250 570 1345 635 brevi

195 691 257 735 neo
271 668 336 734 levi
348 669 536 735 *Godofredi
556 669 737 734 Hermanni
759 691 895 736 assensu
917 671 1102 757 approbata
1124 671 1180 754 (de
1200 669 1249 737 Io.
1270 671 1343 738 Nic.
1404 744 1406 749 ,

195 771 358 857 Madvigii
383 772 652 856 interpretatione
686 772 891 858 quarundam
917 772 1011 839 verbi
1040 771 1135 838 latini
1163 772 1343 838 formarum

195 874 286 960 Lips.
304 874 387 939 1844
401 895 432 959 p.
452 876 523 960 l8):
548 896 631 961 quae
646 895 689 938 ex
703 873 821 958 glossis
836 873 926 939 hisee
940 875 1118 961 conspicua
1132 884 1196 940 est:
1218 873 1341 941 Paulus

195 976 279 1042 Exe.
295 999 338 1040 ex
353 976 452 1041 Festo
467 999 499 1063 p.
516 977 557 1041 66
572 981 663 1042 Duis
678 981 755 1040 duas
769 981 858 1040 hauet
870 984 1112 1056 siquilicatianes.
1142 982 1219 1041 Narn
1239 988 1268 1042 et
1283 996 1343 1058 pro

167 1128 168 1132 ,
194 1079 241 1143 δίε
265 1083 431 1158 ponebatur
456 1089 486 1141 et
509 1099 568 1158 pra
593 1083 765 1142 dederis)
797 1101 828 1163 p.
855 1079 895 1144 27
922 1083 1086 1143 ‘adduas
1112 1084 1342 1144 addideris?

195 1181 312 1246 Festus
329 1202 361 1266 p.
377 1180 440 1244 229
456 1183 628 1259 ‘produit
637 1200 755 1258 porra
774 1184 947 1244 dederit.
965 1232 971 1242 .
989 1187 1341 1261 ‚atiasprodideria'

193 1305 227 1368 p.
242 1282 304 1346 277
330 1286 546 1346 ‘recanduit
569 1286 756 1359 refecerit
775 1282 832 1368 (ex
853 1281 992 1368 palmari
1010 1282 1168 1369 scaligeri
1190 1284 1341 1349 emenda-

194 1385 296 1452 tione:
325 1383 396 1452 ood.
412 1390 612 1450 reconductae
623 1385 797 1470 fecerit).ut
810 1390 939 1450 candere
957 1390 1060 1450 aaran
1080 1389 1202 1466 facere,
1231 1391 1341 1460 aediti-

193 1492 287 1550 cure?
317 1485 428 1553 Gloss.
443 1486 550 1552 Labb.
568 1493 685 1551 ‘addua
705 1492 889 1568 aparuerit!
918 1487 1075 1552 Videmus
1098 1487 1199 1572 igitur
1215 1487 1340 1552 ‘duim'

193 1597 227 1653 et
237 1587 342 1666 “duo'
357 1589 497 1674 perfecti
513 1590 761 1656 coniunctivum
777 1599 809 1654 et
823 1594 971 1655 futurum
987 1599 1139 1654 exactum
1155 1599 1342 1657 constanter

192 1689 339 1776 intellegi
363 1713 382 1755 a
402 1691 642 1775 grammaticis:
671 1693 759 1778 quod
780 1713 821 1756 ne
842 1713 901 1778 pro
923 1691 1060 1757 arbitrio
1082 1683 1124 1757 ab
1145 1690 1210 1758 illis
1226 1691 1339 1758 fictum

195 1802 339 1858 statuam
359 1815 433 1858 oum
454 1793 586 1858 Stravio
608 1795 649 1859 de
671 1794 788 1859 declin.
807 1803 840 1858 et
855 1794 985 1878 eoniug.
1002 1795 1059 1858 lat.
1077 1816 1109 1878 p.
1125 1794 1188 1858 246
1208 1792 1248 1858 ol.
1265 1794 1339 1876 203,

192 1895 264 1981 ipse
279 1897 476 1980 scriptorum
492 1917 570 1959 usus
587 1894 678 1960 facit.
710 1895 794 1959 Nam
809 1897 843 1959 in
858 1897 1045 1981 precatione
1068 1895 1340 1960 suovetaurilium

193 1996 372 2062 secundum
388 1994 546 2061 Catonem
564 1995 603 2060 de
619 2019 645 2060 r.
663 2019 689 2060 r.
709 1997 767 2060 141
784 1997 848 2061 fuit
864 2003 982 2075 ‘utique
995 2008 1026 2060 tu
1039 2001 1156 2074 saunas,
1174 2001 1339 2076 frumenta,

190 2106 289 2164 uineta
304 2105 492 2176 uirquttaqnc
504 2103 653 2176 qrandire
668 2103 796 2176 beneque
810 2106 928 2163 euenire
947 2106 981 2163 si
985 2105 1022 2162 ri
1026 2119 1054 2174 s,
1074 2109 1209 2177 pastores
1220 2119 1339 2177 pecua-

192 2223 247 2279 quc
278 2207 364 2266 salua
395 2207 587 2263 seruassis
612 2205 770 2277 deisque
800 2205 906 2263 ianam
931 2207 1054 2264 satutem
1084 2204 1339 2280 valetudinemque

191 2308 267 2368 mitri
293 2308 380 2367 domo
401 2305 599 2380 saeuitiaeque
628 2309 769 2366 nostrae!
815 2301 855 2365 In
881 2299 1033 2366 Siliorum
1061 2299 1253 2387 plebeiscito
1284 2325 1337 2388 ap.

191 2405 325 2471 Festum
340 2403 498 2490 paeoni
511 2409 577 2482 quis
591 2411 785 2490 maqisaatns
800 2409 945 2468 aduersus
959 2407 1256 2482 decempondera
1270 2424 1337 2468 rno-

192 2511 312 2586 diesque
326 2527 458 2584 aasaque
471 2510 592 2584 publica
608 2511 726 2569 modica
741 2512 858 2569 minora
873 2511 1049 2583 maioraque
1060 2509 1170 2580 sunit
1182 2512 1339 2570 iussitue

188 2617 258 2686 fieri
271 2613 406 2674 datumve
420 2612 566 2678 adduit,
588 2628 645 2686 qno
665 2628 702 2672 ca
719 2615 817 2684 fiant)
850 2605 956 2672 Plaut.
973 2606 1094 2692 Amph.
1109 2605 1193 2692 prol.
1208 2607 1249 2672 67
1266 2630 1336 2695 sqq.

191 2709 238 2777 ‘Si
251 2714 478 2790 qaoisaaitores
493 2715 642 2788 deteqatas
657 2714 787 2776 uiderint
803 2758 809 2770 .
827 2759 833 2771 .
853 2757 858 2770 .
889 2713 967 2772 Nan
987 2715 1014 2773 si
1033 2716 1087 2788 qui
1102 2716 1237 2788 palmam
1257 2730 1338 2773 arn-

190 2818 226 2878 bi
229 2820 282 2878 ssi
287 2821 299 2876 t
312 2817 503 2877 histrionibus
518 2848 559 2858 -
575 2815 611 2874 Si
625 2819 785 2890 quoiquam
802 2819 915 2888 artifici
928 2833 980 2875 seu
998 2833 1056 2890 per
1076 2818 1205 2892 scrr'ptcn
1223 2819 1338 2877 litteras

191 2919 316 2994 Seuqui
329 2921 392 2994 ipsc
407 2919 580 2977 cambisstt
593 2934 645 2977 sen
658 2935 716 2992 per
731 2920 944 2977 internuntium
960 2917 1028 2976 Siue
1043 2919 1119 2977 adeo
1134 2901 1247 2978 aediles
1260 2936 1336 2993 per-

188 3023 293 3093 fidiose
314 3024 384 3096 quai
403 3021 523 3080 duint:
544 3019 695 3095 Sirenqsc
709 3021 802 3093 teqern
818 3022 907 3116 jiussit
921 3036 983 3078 esse
997 3019 1144 3094 Iuppiter,
1164 3020 1257 3090 Quasi
1267 3037 1335 3080 rna-
1457 3033 1464 3052 *

187 3127 346 3197 qistrnturn
361 3124 419 3182 sibi
432 3125 555 3182 alteriue
571 3123 778 3182 ambivarit'
794 3117 856 3180 His
869 3116 957 3180 enim
969 3113 1049 3180 locis
1065 3116 1190 3180 formae
1206 3117 1344 3182 vicinae*

191 3220 430 3287 dubitationem
445 3243 510 3286 non
525 3219 715 3285 admittunt.
746 3219 873 3284 Eadem
894 3239 945 3281 res
967 3228 1017 3283 est
1032 3217 1067 3280 in
1082 3215 1153 3302 lege
1169 3240 1253 3304 quae
1268 3221 1335 3284 Nu-

190 3345 262 3390 mae
282 3323 402 3390 dicitur
420 3321 509 3409 apud
529 3323 663 3387 Festum
684 3343 716 3407 p.
738 3320 800 3384 221
822 3323 869 3383 ‘Si
888 3327 941 3399 qui
958 3325 1103 3385 nominent
1125 3325 1249 3385 trierem
1270 3325 1336 3386 dota

189 3432 287 3490 sciens
302 3433 392 3491 morti
405 3431 500 3500 duit,
513 3429 674 3503 paricidas
688 3429 764 3486 esta’
782 3423 956 3509 —quibus
977 3427 1012 3486 in
1032 3421 1158 3508 legibus
1180 3445 1247 3488 non
1269 3445 1335 3488 ma·

189 3528 240 3612 gis
256 3538 306 3593 est
321 3549 419 3615 quam
433 3526 469 3589 in
484 3525 555 3590 XII
570 3523 656 3590 ullus
673 3523 874 3590 coniunctivi
886 3548 966 3590 usus
982 3562 1025 3573 —-
1040 3534 1073 3588 et
1091 3524 1126 3587 in
1141 3524 1335 3610 Appiivoto

190 3652 241 3716 ap.
253 3629 385 3694 Livium
401 3627 436 3692 X
453 3629 501 3709 19,
521 3628 559 3692 17
576 3631 731 3698 ‘Bellona
748 3634 775 3689 si
794 3632 882 3691 hodie
902 3631 983 3690 nobis
998 3632 1151 3691 victoriana
1167 3632 1267 3703 duis,
1289 3640 1337 3690 ast

189 3751 243 3808 eqo
258 3737 398 3810 templana
413 3735 465 3794 tihi
478 3737 587 3798 aeaea’
912 3791 916 3805 Ι

273 3835 384 3918 Atque
409 3831 485 3896 hinc
506 3833 638 3898 demum
657 3831 814 3896 iuditium
839 3839 926 3896 recte
949 3829 1020 3894 fieri
1044 3839 1154 3916 potest
1180 3830 1220 3895 de
1245 3829 1333 3913 frag·

188 3943 297 4002 mento
327 3934 407 4020 legis
432 3932 522 3998 IV?
548 3934 582 3997 in
607 3932 742 4019 Ulpiani
770 3932 825 4017 (fr.
846 3933 880 3994 X
904 3934 934 4014 1)
962 3930 1075 3997 codice
1100 3931 1259 3995 Vaticano
1286 3932 1334 3995 sic

190 4038 311 4122 scripto
327 4042 366 4100 ‘st
374 4047 465 4116 pater
476 4041 572 4114 sitium
593 4045 638 4098 ter
657 4040 889 4107 uenumdauit,
909 4041 989 4110 fitius
1010 4055 1029 4095 a
1048 4044 1138 4114 patre
1158 4039 1232 4097 tiber
1252 4041 1334 4097 esto.’

190 4137 375 4220 Quodnam
391 4160 410 4201 a
425 4136 590 4225 plerisque
606 4142 800 4202 ‘acnumduit'
816 4145 999 4202 mutaretur
1010 4173 1051 4184 -
1063 4135 1099 4200 id
1110 4126 1333 4223 quodGaiano

188 4238 257 4306 loco
274 4239 292 4304 Ι
308 4241 369 4305 132
385 4240 571 4306 confirmari
586 4247 676 4304 ratus
692 4238 880 4304 Dirksenus
896 4261 928 4325 p.
944 4239 1009 4304 280
1027 4239 1108 4302 mire
1130 4245 1162 4302 et
1181 4237 1230 4300 rei
1250 4236 1333 4302 veri-

188 4342 250 4407 tati
270 4352 302 4406 et
317 4343 468 4428 sibiipsa
485 4341 681 4408 adversatur
690 4387 698 4422 ,
720 4342 762 4404 of.
778 4364 811 4427 p.
826 4339 886 4403 281
898 4364 935 4412 n.
951 4340 1027 4405 aar
1043 4376 1098 4424 —‚
1113 4359 1217 4422 nuper
1230 4337 1335 4402 Lach-

1087 4444 1108 4508 6
1119 4447 1134 4481 ²1¹
