3282 4992
314 291 336 355 4
748 307 860 366 carvr
883 285 1030 357 rar'uvu.

315 461 474 548 proximis
495 461 633 528 saeculis
654 462 786 528 videtur
802 443 1058 544 ‘attribuendum
1079 485 1151 527 esse
1174 486 1227 527 -ε
1256 463 1303 528 ita
1322 483 1364 527 ue
1390 461 1465 547 ipsa

314 563 445 650 quidem
460 562 510 628 his
526 563 795 648 abrogationibus
812 561 877 628 ullo
893 573 990 650 pacto
1006 575 1077 630 tum
1091 563 1293 631 labefactata
1308 573 1368 628 est.
1397 599 1399 602 ·
1526 638 1530 647 Ι

313 693 317 700 ·
398 665 468 731 Nec
482 666 608 730 minore
623 665 809 730 constantia
824 676 856 731 et
871 663 982 732 studio
996 688 1055 753 per
1070 668 1157 733 idem
1176 675 1305 753 tempus
1326 665 1369 730 ad
1391 687 1463 729 eru·
1518 743 1521 748 q

315 766 436 832 dienda
450 767 585 852 ingenia
607 790 647 832 ac
669 766 802 852 linguae
824 769 962 834 scientia
977 777 1011 832 et
1030 791 1093 832 usu
1113 768 1291 834 imbuenda
1311 766 1367 832 lex
1381 777 1462 843 tam-

314 889 413 955 quam
427 888 528 934 uuum
543 878 576 934 et
591 868 816 934 firmissimum
830 868 1065 936 adminiculum
1076 870 1308 956 usurpabatur.
1330 868 1464 934 Etenim

314 992 357 1034 ex
371 993 436 1057 quo
452 971 546 1056 pueri
559 969 612 1036 vel
626 971 715 1036 domi
730 971 954 1038 educabantur
965 971 1019 1038 vel
1031 973 1065 1036 in
1080 965 1181 1038 ludos
1190 973 1295 1038 ‘laevo
1311 971 1463 1059 suspensi

313 1071 438 1138 loculos
455 1072 668 1160 tabulamque
687 1073 823 1140 lacerto’
846 1073 889 1138 ad
909 1072 1124 1140 litteratorem
1144 1075 1374 1155 mittebantur,
1391 1071 1463 1137 XII

313 1173 500 1242 tabularum
515 1173 663 1242 libellum
678 1185 711 1241 et
726 1197 826 1240 manu
841 1197 973 1241 versare
989 1184 1022 1241 et
1036 1184 1143 1241 mente
1159 1185 1269 1242 tenere
1290 1171 1461 1241 adsuesce·

312 1275 444 1362 baut¹):
460 1277 547 1342 uude
563 1275 610 1340 illi
624 1287 661 1342 ut
677 1300 719 1342 ex
733 1277 878 1343 Homero
895 1300 953 1343 suo
971 1277 1091 1344 Graeci
1105 1276 1343 1345 adulescentuli
1364 1276 1461 1342 sim'ul
1557 1347 1559 1352 ,

310 1373 461 1443 'discendi
477 1378 649 1445 materiam
659 1379 833 1448 ‚haurirent
849 1389 882 1446 et
896 1380 1029 1466 paterni
1042 1379 1143 1444 moris
1163 1380 1352 1468 ingeniique
1374 1401 1461 1445 amo-

312 1485 381 1546 rem
397 1481 509 1547 statim
531 1503 552 1546 a
565 1483 686 1548 teneris
702 1477 911 1548 imbiberent.
941 1483 992 1546 Ac
1010 1503 1091 1566 sane
1113 1481 1265 1571 equidem
1284 1480 1373 1546 haud
1394 1481 1461 1545 scio

312 1603 364 1663 an,
380 1582 461 1669 quid
475 1583 607 1671 utrique
621 1583 743 1670 populo
758 1583 1055 1671 proprium‘fuerit,
1071 1583 1132 1650 hoc
1149 1583 1300 1649 diversae
1315 1581 1460 1669 discipli·

312 1697 375 1746 nae
394 1683 516 1748 indicio
543 1706 643 1770 quam
669 1708 733 1773 quo
761 1685 944 1751 certissime
969 1684 1194 1771 dignoscatur.
1238 1683 1460 1753 Hinc'autem

278 1780 280 1784 ’
312 1784 464 1875 effectum
479 1795 545 1868 est,
561 1795 598 1850 ut
613 1785 695 1871 legis
712 1785 914 1874 exemplaria
930 1788 1057 1875 scripta·
1068 1811 1147 1854 mox
1162 1788 1303 1875 plurima
1323 1788 1461 1858 circum-

312 1886 477 1953 ferrentur
494 1926 528 1934 —
547 1887 582 1951 id
598 1888 686 1976 quod
700 1889 774 1976 ipsa
789 1912 856 1954 vox
872 1885 1028 1956 ‘libellas'
1042 1889 1207 1976 signifieat
1228 1889 1316 1976 apud
1328 1889 1460 1979 ¹Cicero-

312 2011 386 2052 nem
397 1989 441 2054 de
457 2011 504 2071 or.¹
521 1989 607 2072 144,
626 1991 700 2056 195:
726 1992 804 2077 quin
826 2013 868 2056 ex
883 1991 1030 2056 eiusdem
1046 1992 1155 2058 verbis
1177 1992 1198 2056 l.
1216 1987 1251 2056 II
1271 1991 1312 2055 de
1332 1991 1461 2076 legibus

310 2090 363 2171 23,
378 2089 421 2154 59
437 2094 641 2162 ‘discebamus
655 2099 732 2156 enim
751 2099 842 2172 poert
855 2097 927 2157 XII
937 2103 971 2159 ut
982 2115 1105 2158 carmen
1125 2099 1343 2160 necessurtrm'
1360 2093 1461 2159 etiam
1554 2089 1556 2094 ’

310 2191 349 2255 in
368 2193 538 2258 metricam
565 2181 713 2260 formam
729 2195 905 2283 aliquando
916 2195 997 2261 -xss
1024 2195 1154 2262 tabulas
1176 2195 1281 2279 fuisse
1309 2184 1461 2260 redactas

312 2315 449 2381 eamque
464 2299 523 2362 vix
538 2296 636 2362 aliam
651 2307 748 2384 atque
765 2297 913 2363 Saturnii
926 2300 1052 2363 numeri
1073 2320 1146 2378 cum
1162 2319 1289 2364 summa
1307 2297 1460 2388 probabi-

268 2614 271 2620 ,
313 2570 433 2621 alienam
452 2570 557 2622 inferat
575 2570 781 2622 conclusionum
803 2570 867 2622 inde
890 2571 1107 2638 probandorum:
1131 2574 1203 2624 idem
1225 2578 1321 2625 tamen
1345 2573 1457 2625 incaute

312 2650 425 2707 servata
443 2657 639 2707 coniunctione
652 2657 805 2721 temporali
822 2661 889 2708 ‘sect
901 2663 1002 2722 postea'
1021 2658 1146 2710 fraudem
1164 2660 1294 2726 prodidit.
1330 2659 1405 2722 Quin
1423 2674 1458 2710 ne

310 2740 447 2790 Plaetorii
465 2741 576 2805 quidem
593 2741 880 2808 plebeiscito'probat
894 2741 966 2808 quod
983 2743 1148 2809 probaturus
1166 2727 1217 2796 estss
1242 2745 1352 2795 Etenim
1372 2746 1459 2796 verba

277 2810 280 2816 ¹
311 2827 360 2876 ‘ad
373 2825 451 2876 sotem
467 2831 594 2877 occasum’
614 2827 649 2877 ab
669 2842 701 2877 eo
719 2826 756 2892 pl.
770 2843 808 2878 sc.
823 2827 947 2878 abfuisse
967 2843 1081 2880 necesse
1101 2828 1157 2882 est':
1178 2845 1231 2895 quo
1249 2829 1359 2896 quidem
1379 2833 1458 2879 ante

279 2976 281 2978 Ι
312 2925 442 2960 occasum
465 2910 533 2962 solis
557 2910 619 2961 finis
642 2914 806 2974 constitutus
830 2913 875 2964 sit.
915 2914 955 2964 Ac
979 2928 1074 2979 parum
1099 2919 1162 2982 apte
1186 2931 1221 2965 ea
1243 2915 1271 2964 iu
1297 2917 1458 2966 continuum

311 2994 456 3046 verborum
474 2984 597 3048 ordinem
615 2999 784 3049 inseruntur:
804 3014 876 3064 quae
895 2998 1009 3050 offensio
1022 3015 1076 3050 non
1089 3000 1195 3051 tollitur
1204 3001 1381 3069 'Lachmauni
1394 3016 1458 3051 con-

310 3081 433 3143 iectum
452 3097 516 3146 nam
534 3086 623 3149 ‘usque
641 3087 793 3148 caprenram’
813 3084 926 3134 etiamsi
943 3073 1092 3152 probabile
1106 3084 1260 3150 videretur,
1279 3084 1358 3136 nullo
1379 3085 1457 3136 modo
1520 3109 1522 3114 .

312 3166 454 3232 significat
472 3172 574 3236 ‘usque
592 3184 651 3234 per
668 3169 761 3234 supr),
786 3169 835 3222 sed
853 3169 955 3238 ‘usquc
979 3171 1018 3220 ad
1037 3174 1122 3237 supr.’
1162 3171 1258 3236 Neque
1281 3175 1311 3220 ta
1356 3187 1374 3220 n
1395 3170 1458 3220 ideo

312 3247 520 3304 condemnanda
538 3257 602 3304 sunt
619 3269 679 3304 curn
698 3253 844 3306 Carrione:
864 3256 945 3304 immo
963 3256 1079 3322 suspitio
1104 3259 1146 3308 est
1168 3257 1257 3322 ipsum
1277 3187 1457 3306 Ce'diorinum

312 3353 346 3388 ea
365 3336 525 3403 explicandi
543 3341 636 3404 gratia
644 3337 725 3404 xlegis
743 3338 836 3390 verbis
856 3355 889 3390 ex
907 3339 963 3390 alio
981 3341 1113 3400 Varronis
1131 3340 1192 3392 loco
1210 3340 1359 3406 descriptis
1382 3339 1458 3390 addi-

311 3421 399 3482 disse,
418 3420 490 3471 unde
511 3423 539 3472 id
556 3423 646 3488 ipsum
669 3409 795 3474 efiiceret
812 3424 884 3490 quod
901 3440 916 3475 e
934 3441 964 3476 re
982 3438 1032 3476 sua
1052 3429 1135 3480 esset,
1172 3425 1294 3490 Opponit
1318 3426 1389 3476 enim
1408 3425 1459 3478 ‘ad

310 3495 386 3556 solem
405 3509 538 3566 occasum?
550 3507 636 3573 priori
655 3513 738 3573 ‘post
755 3524 779 3562 o.
798 3512 832 3561 a'
851 3513 948 3575 parum
965 3510 1014 3561 ille
1034 3525 1135 3562 curans
1155 3511 1196 3560 rei
1214 3511 1369 3562 veritatem.
1405 3509 1457 3560 Oe·
1479 3514 1481 3519 '

311 3595 398 3641 terum
424 3591 556 3643 confiteor
577 3592 652 3642 haud
674 3593 742 3642 mihi
763 3592 874 3659 plaeere
898 3579 1154 3647 Lachmanuianam
1182 3595 1401 3668 emendationem
1430 3595 1457 3645 et

310 3679 424 3741 propter
440 3677 570 3727 vocabuli
588 3681 688 3744 ‘usque’
708 3692 770 3728 cum
789 3683 950 3732 accusativo
968 3681 1057 3731 iuneti
1075 3696 1152 3750 usum
1171 3686 1322 3746 argenteae
1346 3680 1454 3732 demum

310 3760 461 3824 latinitati,
480 3777 534 3812 non
552 3762 685 3827 antiquae
705 3762 761 3828 legi
780 3750 969 3830 imputandum
981 3771 1015 3837 ⁸et
1035 3769 1148 3832 propter
1163 3767 1250 3818 verba
1269 3768 1372 3834 ‘iusque
1388 3768 1458 3816 inter

310 3848 378 3898 cives
396 3847 484 3897 dicito’
509 3847 590 3913 quasi
614 3849 777 3914 appendicis
799 3848 862 3901 loco
885 3850 1077 3917 adglutinata=
1103 3855 1163 3904 oum
1185 3856 1279 3905 tamen
1301 3852 1344 3903 his
1364 3851 1456 3918 potius

311 3946 392 3995 quam
410 3930 467 3982 illis
485 3933 546 3984 ‘duo
564 3934 668 3984 lictores
685 3936 756 3999 apud
770 3950 799 3985 se
817 3935 919 3990 dadeto’
937 3937 1068 4002 temporis
1090 3939 1261 3992 notationem
1286 3937 1350 3988 addi
1373 3952 1456 4002 expe·

312 4020 381 4067 otes.
421 4017 495 4068 Hinc
518 4019 799 4086 putaverimi‘isque’
823 4007 853 4073 ss
871 4023 982 4087 ‘iisque’
1005 4029 1162 4089 corruptum
1187 4041 1247 4076 esse
1272 4039 1305 4074 ex
1328 4024 1456 4089 ‘iusque’,

311 4099 383 4164 quod
406 4102 493 4167 ipsum
518 4096 618 4154 deinde
643 4103 735 4155 alieno
758 4105 820 4156 loco
842 4104 950 4158 illatum
974 4108 1024 4172 sit,
1053 4108 1198 4176 locumque
1222 4111 1263 4159 ita
1285 4109 1456 4158 reduxerim:

311 4186 372 4236 ‘duo
390 4189 441 4237 liet.
461 4190 533 4254 apud
552 4203 580 4239 se
603 4189 694 4241 habeto
717 4191 830 4257 iusque
853 4193 894 4242 ad
914 4209 1055 4258 supremam
1073 4193 1123 4262 (ad
1143 4199 1220 4246 solem
1243 4193 1368 4260 occasum)
1388 4191 1457 4243 iuter

310 4272 377 4320 cives
394 4273 492 4324 dicita’

379 4354 399 4420 ¹)
419 4358 455 4406 of.
476 4358 574 4418 Cicero
592 4359 626 4410 de
646 4359 718 4427 legg.
738 4361 767 4414 II
784 4364 813 4427 4,
829 4365 854 4413 9.
884 4365 926 4426 23,
946 4365 987 4418 69.
1019 4363 1135 4414 Plautus
1148 4363 1228 4420 Most.
1243 4363 1293 4431 12,
1306 4367 1339 4417 45
1357 4383 1382 4416 v.
1398 4364 1455 4415 tao.
