3282 4992
378 262 425 308 nu
447 262 498 310 ται
522 261 735 311 ranvnsnvu
758 263 934 324 nunruvus
958 264 1204 316 connrunrms.
1324 249 1366 316 53

219 442 255 487 τε
269 397 326 485 ’καὶ
348 420 538 498 ἀναγραφῆε
554 417 661 484 αὐτῶν
679 417 738 502 (st.
754 425 821 486 τῶν
837 419 963 506 νόμων)
980 419 1057 488 δέκα
1073 419 1189 500 ἄνδρε(
1211 421 1275 500 ἅμα
1296 386 1366 490 sols

218 523 331 588 ἀλλοιε
342 521 531 600 ἀνέγραψαν
544 521 667 601 νόμοιε,
679 522 730 586 καὶ
746 521 829 588 ἔετιν
845 521 880 588 ἐν
895 528 934 607 τῇ
946 521 1079 608 τετάρτῃ
1095 529 1162 591 τῶν
1179 525 1364 603 λεγομένων

220 627 346 691 δώδεκα
361 624 485 688 δέλτων
497 623 535 688 ἃ(
551 623 704 690 ἀνέθεεαν
718 625 753 691 ἐν
766 626 884 709 ἀγορᾷε
901 622 937 687 id
948 624 1080 690 minime
1095 626 1229 712 respicit
1242 626 1284 691 ad
1296 628 1365 692 uni·
1383 681 1392 696 .

222 748 352 793 versum
368 724 495 812 patriae
509 725 683 811 potestatis
699 727 897 809 institutum,
910 725 969 792 sed
985 725 1028 792 ad
1043 749 1160 792 unam
1175 727 1303 813 legem
1319 728 1365 795 de

220 827 316 894 filio
333 838 394 917 ter
409 827 653 894 venumdato
672 828 736 914 (IV
749 829 803 914 2),
825 829 866 894 de
889 837 1002 916 quaet
1022 829 1057 894 in
1072 829 1236 916 prioribus
1252 839 1366 917 egerat

219 929 403 1018 Dionysius
424 932 475 995 καὶ
496 932 514 996 ὃ
536 931 670 998 πάντων
684 933 816 1012 μάλιετα
831 934 1019 1014 θανμάεειεν
1034 932 1136 1000 ἀντι(
1200 936 1251 1000 καὶ
1265 938 1364 1000 τοῦτο

109 1097 113 1104 ,
222 1033 422 1118 τυνεχώρηεε
437 1039 484 1118 τῷ
500 1035 594 1114 πατρὶ
611 1036 701 1116 μέχρι
715 1036 821 1116 τρίτη(
841 1037 989 1117 πράτεωε
1011 1035 1073 1118 ἀφ’
1086 1037 1160 1102 οἱοῦ
1175 1038 1364 1120 χρηματίεοι·

146 1185 157 1200 .
221 1144 289 1204 cion
304 1138 368 1202 κτλ.
385 1143 417 1199 et
430 1157 518 1199 nunc
532 1137 640 1221 ipsum
654 1139 762 1223 pergit
778 1137 828 1203 litt
842 1139 876 1204 δ’
891 1139 952 1219 οὐχ
968 1139 999 1204 οἱ
1014 1132 1130 1219 ἄνδρες
1146 1140 1259 1208 δέκα..
1275 1145 1364 1221 πρῶ-

219 1259 279 1306 τον
294 1242 443 1304 τοῦτον
458 1238 663 1319 εἰεηγήεαντο
679 1241 746 1306 τὸν
763 1241 889 1320 νόμον
904 1241 1089 1323 Ῥωμαίοις,
1099 1242 1174 1307 ἀλλ’
1188 1243 1224 1308 ἐκ
1238 1245 1365 1310 πολλοῦ

221 1343 368 1422 κείμενον
391 1342 634 1422 παραλαβόντες
657 1343 717 1408 οὐκ
741 1343 915 1423 ἐτόλμηεαν
939 1345 1067 1412 ἀνελεῖν
1092 1344 1127 1409 ἐκ
1149 1348 1285 1414 πολλῶν
1307 1348 1365 1427 μὲν

219 1446 270 1510 καὶ
285 1443 395 1517 ἄλλων
416 1444 712 1525 καταλαμβάνομαι,
733 1445 863 1525 μάλιετα
884 1446 968 1510 δ’,ἐκ
987 1450 1054 1513 τῶν
1077 1447 1168 1526 Νομᾶ
1182 1448 1365 1529 Πομπιλίου
1403 1453 1405 1457 ’

219 1598 226 1612 .
244 1597 250 1610 .
267 1598 273 1611 .
289 1546 400 1627 νόμων
417 1546 516 1614 ἐνοῖε
532 1548 582 1613 καὶ
595 1546 693 1613 οὗτος
703 1549 879 1629 γέγραπται
895 1551 915 1612 ‘.
933 1597 940 1612 .
955 1555 976 1624 ·'.
992 1547 1074 1628 ὅπερ
1091 1549 1150 1615 οὐκ
1166 1550 1206 1617 ἂν
1222 1551 1366 1632 ἔγραψεν

212 1650 309 1730 εἰμὴ
332 1650 411 1714 κατὰ
432 1650 509 1714 τοὺε
529 1651 711 1732 προτέρου(
732 1650 853 1732 νόμον(
878 1650 1023 1717 ἅπαντα(
1049 1652 1141 1730 ἐξῆν
1165 1659 1218 1738 τῷ
1246 1656 1366 1734 πατρὶ

140 1835 144 1844 .
219 1755 370 1819 πωλεῖν
396 1753 491 1818 τοὺ(
517 1752 637 1818 υἱούε.
667 1751 784 1840 Itaque
808 1755 897 1840 prior
923 1752 1012 1820 locus
1040 1753 1137 1819 1126
1160 1753 1228 1840 (ap
1249 1755 1365 1821 Dirks.

141 1872 143 1874 ·
221 1852 736 1941 1V2)n0bis0m1uendusfuiu

303 1955 450 2040 Legem
441 1978 476 2020 1n
490 1955 583 2022 libris
606 1957 650 2022 ad
665 1957 867 2023 Herennium
882 1955 900 2021 I
916 1957 972 2041 13,
988 1957 1100 2024 23t1n
1086 1967 1136 2024 ter
1151 1958 1215 2022 tria
1230 1959 1301 2023 XII
1317 1969 1364 2024 ta-
1464 2001 1469 2006 -

218 2056 370 2123 bularum
397 2057 474 2122 de
465 2081 535 2124 rure
560 2059 759 2148 hereditario
786 2068 852 2124 stat
853 2068 911 2124 uta
937 2058 1128 2125 insertam‘
1136 2068 1190 2140 qui
1207 2082 1307 2141 paren
1311 2073 1366 2127 tem

218 2180 340 2224 necasse
354 2165 505 2225 iudicatus
519 2167 590 2232 erit,
606 2171 639 2226 ut
652 2169 677 2226 is
691 2165 841 2226 obvolutus
856 2172 885 2226 et
898 2167 1043 2240 obliquius
1057 2169 1140 2228 corio
1159 2168 1320 2229 deiiciatur
1334 2172 1366 2229 in

214 2268 432 2342 profluentem'
447 2263 518 2328 iure
533 2261 721 2351 repudiavit
736 2264 924 2330 Dirksenus
940 2289 973 2352 p.
988 2265 1052 2331 453
1068 2287 1139 2353 sqq.
1156 2289 1175 2330 a
1191 2265 1366 2335 Schuetzio

220 2363 419 2449 damnatam,
435 2389 509 2432 cum
524 2388 629 2453 neque
642 2368 678 2432 in
689 2366 856 2434 Ciceronis
873 2368 914 2433 de
929 2367 1119 2435 inventione
1135 2367 1205 2435 loco
1221 2391 1365 2456 congruo

220 2467 255 2533 II
270 2467 397 2550 50,148
412 2470 632 2556 compareat¹)
649 2493 754 2558 neque
769 2472 949 2558 quidquam
960 2469 1003 2536 ad
1014 2470 1298 2538 ratiocinationem
1310 2474 1366 2539 tri-

219 2571 279 2636 bus
292 2569 358 2636 illis
370 2570 499 2658 legibus
512 2571 661 2638 effectam
672 2574 844 2660 pertineat,
852 2585 884 2641 et
895 2575 969 2661 ipsa
979 2574 1087 2640 forma
1095 2583 1140 2639 ‘ut
1147 2580 1366 2641 —deiiciatur'

220 2683 261 2720 ’έ-
277 2672 356 2737 dum
370 2673 404 2737 in
420 2673 537 2740 ceteris
553 2685 704 2741 servatur
717 2676 933 2766 imperativus
951 2685 1033 2742 ‘estu’
1049 2714 1083 2725 -
1097 2677 1366 2764 interpolatorem

220 2773 349 2863 prodat.
375 2777 481 2858 Quem
496 2777 668 2864 Kayserue
684 2777 769 2845 vidit
784 2802 826 2844 ex
842 2781 888 2845 eis
905 2801 989 2866 quae
1006 2787 1188 2866 sequuntur
1209 2780 1298 2867 apud
1314 2780 1366 2847 Oi-

169 2885 172 2892 “
220 2901 370 2947 aaronem
387 2879 426 2960 de
442 2880 510 2944 inv.
526 2883 546 2963 ὅ
565 2879 624 2947 149
640 2903 700 2946 sua
714 2879 874 2946 hausisse.
896 2881 1011 2969 Neque
1026 2903 1107 2948 vero
1122 2881 1304 2969 quidquam
1318 2882 1366 2948 lu-

148 3022 151 3028 *
220 3003 349 3046 cramur
367 2982 460 3048 Festi
479 2980 551 3047 loeo
572 3004 668 3069 quem
683 2983 906 3050 Gothofredus
927 2983 984 3050 isti
1006 2983 1177 3050 coniunxit
1197 3007 1230 3070 p.
1254 2985 1316 3050 170
1336 3010 1367 3051 v.

221 3087 349 3164 Nuptias
372 3091 514 3164 ..sauia
530 3091 668 3163 flammeo
688 3095 782 3165 eaput
798 3090 933 3150 nubentis
951 3091 1138 3165 obvolvatur,
1159 3091 1241 3165 quod
1254 3093 1370 3167 antiqui

221 3191 366 3250 obnubere
386 3193 536 3250 necarint:
558 3192 593 3252 ob
607 3207 696 3266 quum
716 3187 840 3252 causant
860 3195 978 3266 leuem
1005 3207 1122 3268 quoque
1143 3192 1368 3274 parenstam

221 3294 320 3353 iubere
334 3301 427 3368 eaput
439 3296 502 3354 eius
516 3295 662 3356 obnubere
676 3297 730 3370 qui
739 3289 896 3371 parentem
912 3292 1086 3368 necavisset,
1108 3297 1189 3370 quoa
1207 3303 1250 3357 est
1263 3297 1366 3358 obuol-

221 3385 311 3458 νοτε]
334 3392 420 3457 Nam
436 3392 523 3479 quod
538 3393 732 3512 corrigendo
749 3393 881 3460 demum
897 3393 1004 3458 effecit
1019 3400 1128 3472 ‘leuem
1143 3413 1258 3473 quoque
1273 3398 1295 3429 “
1307 3401 1370 3474 qui

218 3503 454 3576 parentent'',
470 3517 535 3560 non
551 3498 657 3582 magis
672 3496 786 3580 habet,
804 3497 862 3584 qui
884 3519 920 3562 se
935 3498 1139 3562 commendet
1125 3505 1154 3578 t,
1177 3519 1276 3582 quam
1292 3497 1367 3562 Sca-

220 3597 316 3684 ligeri
337 3599 524 3665 coniectura
546 3605 653 3678 ‘..‘lq
658 3600 960 3680 ‘parens”t.'aIII
983 3600 1019 3684 (i.
1037 3621 1064 3663 e.
1083 3599 1200 3665 tabula
1221 3596 1288 3683 ΙΙΙ)
1312 3608 1370 3689 aut

216 3702 335 3767 -Hert
292 3703 377 3767 tz1i
382 3708 512 3782 parens
535 3711 616 3766 i’an
621 3702 695 3789 '(in
709 3701 874 3768 Fleckeis.
890 3696 1011 3766 Annal.
1027 3701 1106 3788 phil.
1126 3701 1255 3787 1861p.
1271 3681 1366 3786 220);

222 3825 304 3890 quae
320 3794 424 3870 verba
439 3828 533 3891 quas1
523 3805 679 3872 titulum
694 3805 778 3892 legis
793 3827 836 3869 ex
851 3802 923 3869 XII
938 3804 1129 3890 desumptae
1149 3802 1297 3888 intellegi
1312 3825 1368 3868 vo-

221 3905 302 3971 lunt.
340 3906 427 3972 Nam
451 3907 577 3980 etiamsi
597 3909 755 3995 probetur
776 3905 886 3992 legum
909 3928 1028 3993 corpus
1056 3905 1171 3972 eodem
1193 3906 1281 3987 iure,
1302 3927 1368 3992 quo

222 4008 367 4074 carmina
381 4009 518 4076 Homeri
533 4019 591 4076 aut
605 4009 759 4095 Vergilii,
776 4009 824 4075 eis
840 4008 951 4075 verbis
972 4031 992 4073 a
1013 4010 1132 4096 quibus
1155 4007 1304 4074 ordiatur
1325 4008 1368 4072 ci-

290 4252 314 4320 ¹)
333 4215 506 4319 Quamquam
524 4253 709 4307 Germanus
727 4254 836 4320 quidem
853 4254 931 4304 haec.
948 4267 1004 4304 non
1021 4251 1108 4304 solum
1130 4251 1188 4320 legi
1206 4253 1261 4305 XII
1278 4233 1369 4307 reddi·

222 4337 271 4404 dit,
290 4339 340 4390 sed
360 4339 443 4390 etiam
462 4340 542 4392 libris
562 4340 595 4390 de
613 4338 773 4392 inventione
791 4338 932 4391 reddenda
952 4351 1012 4388 case
1031 4339 1160 4406 opinatur
1177 4354 1203 4404 p.
1221 4341 1263 4393 24.
