3282 4992
289 319 331 384 58
708 335 820 384 aarum
843 338 1007 384 raarrvu.

290 499 379 557 sitem
397 495 507 568 furtim
528 501 615 554 uootu
630 496 751 569 pauisse
774 511 812 554 ac
836 498 963 556 secuisse
979 496 1089 571 puberi
1108 497 1179 555 XII
1196 498 1305 557 tabidis
1324 500 1440 575 capital
1512 573 1518 578 .

290 605 603 676 eratsuspeusumque
619 598 723 657 Cereri
741 592 873 658 necari
892 599 1071 659 iubebant
1088 602 1251 673 qrauius
1273 617 1378 674 quam
1400 603 1437 660 iu

291 703 493 763 homicidio
517 703 761 794 conuictum&-
786 706 856 761 tum
879 696 1024 762 dubitari
1050 720 1117 762 non
1142 698 1269 784 patitur
1288 696 1438 764 Salvieni

291 801 510 867 Massiliensis
532 821 629 885 quem
652 821 751 884 supra
771 799 938 885 tetigimus
960 799 1049 864 locus
1066 797 1105 863 de
1121 799 1257 884 gubern.
1272 800 1338 864 Dei
1353 799 1438 866 VIII

292 910 371 985 (non
385 903 432 991 V)
448 903 482 967 5:
501 905 649 978 ‘Interrtei
661 908 739 965 euim
754 906 958 967 indemnatum
973 921 1176 980 quemcunque
1190 907 1335 967 homiuem
1350 909 1438 968 etiam
1498 969 1507 982 ,

291 1013 361 1071 XII
379 1012 548 1070 tabularum
569 1010 690 1069 decreta
710 1009 886 1069 uetuerunt?
924 1007 1031 1087 Quem
1052 1004 1160 1070 locum
1186 1029 1228 1071 ne
1254 1007 1439 1093 inspexisse

291 1110 425 1198 quidem
441 1108 596 1173 videntur
612 1107 835 1173 Gothofredus
852 1118 884 1172 et
899 1108 1098 1191 Dirksenus,
1116 1131 1189 1173 oum
1205 1109 1257 1172 hie
1273 1107 1315 1174 ad
1330 1108 1437 1194 legem

291 1212 332 1276 de
347 1209 529 1298 privilegiis
545 1233 611 1275 non
625 1209 809 1293 irrogandis
822 1208 889 1294 (IX
902 1208 934 1294 1)
946 1209 1003 1275 ille
1019 1210 1061 1274 ad
1078 1233 1161 1293 eam,
1174 1233 1258 1297 quae
1273 1211 1314 1276 de
1330 1211 1438 1297 capite

290 1314 372 1378 aivis
394 1313 459 1376 nisi
481 1313 672 1377 centuriatis
693 1312 832 1393 comitiis
853 1314 965 1397 rogari
990 1322 1081 1378 vetat
1102 1313 1169 1400 (IX
1188 1314 1241 1400 2),
1263 1314 1437 1379 revocarit.

291 1417 411 1500 Agitur
426 1415 511 1504 enim
528 1413 576 1481 ibi
591 1414 632 1479 de
649 1413 966 1500 Carthaginiensium
982 1415 1142 1480 adversus
1156 1416 1220 1480 Dei
1236 1437 1349 1481 servos
1365 1435 1437 1480 eru-

292 1517 440 1598 delitate,
463 1539 543 1604 quos
564 1516 644 1582 dicit
665 1515 719 1598 vel
740 1517 884 1582 occisum
902 1517 944 1581 iri
967 1518 1009 1583 ab
1031 1516 1111 1599 illis,
1139 1519 1202 1581 nisi
1223 1519 1333 1583 obstet
1353 1517 1437 1602 legis

291 1618 439 1686 vetitum.
468 1623 714 1684 ‘Persecutioueua
730 1625 785 1684 doe
799 1625 916 1698 quidem
928 1623 1026 1697 fuisse
1040 1641 1098 1685 uou
1108 1631 1233 1700 putaui,
1251 1628 1322 1699 quia
1337 1639 1396 1683 uou
1411 1629 1440 1684 et

292 1729 384 1787 occisi
397 1733 474 1786 suut.
498 1725 644 1786 Latrones
658 1727 777 1801 quidem
792 1727 847 1787 hoe
858 1729 1016 1802 prouerbio
1032 1731 1075 1788 uti
1088 1731 1195 1796 soleat,
1213 1733 1245 1786 ut
1259 1727 1438 1802 quibusdan

196 1856 201 1868 ·
293 1828 442 1901 auferant
455 1830 557 1902 uitam,
574 1829 690 1889 dedisse
705 1845 736 1888 se
752 1830 864 1889 dicaut.
901 1829 963 1889 Sed
976 1833 1007 1890 iu
1023 1831 1096 1890 urbe
1116 1833 1170 1890 itta
1185 1845 1244 1888 uou
1259 1837 1321 1888 tem
1341 1829 1438 1889 duui-

292 1947 363 1990 uum
374 1929 503 2002 fueruat
516 1930 591 1990 daec
605 1931 747 2002 beneficia
762 1947 852 2006 quam
867 1934 986 2005 tequm!
1016 1927 1132 2014 Itaque
1146 1926 1228 1990 nihil
1244 1936 1295 1992 est
1311 1927 1351 1991 de
1366 1926 1439 2010 lege

291 2029 327 2101 in
341 2029 454 2116 privos
471 2028 617 2092 homines
638 2028 722 2110 lata,
745 2028 827 2093 nihil
848 2029 889 2093 de
910 2051 944 2094 re
965 2029 1100 2117 capitali
1121 2029 1259 2094 comitiis
1280 2028 1438 2113 iudicata.

292 2132 359 2197 Sed
379 2128 446 2197 illis
467 2129 577 2194 fraudi
598 2131 662 2196 fuit
683 2155 750 2197 vox
773 2136 1012 2196 ‘indemnatum'
1039 2131 1162 2217 pariter
1184 2140 1282 2218 atque
1303 2132 1438 2200 Ouiaeio

292 2233 435 2314 Obss,4,
449 2233 498 2313 12,
515 2235 571 2319 qui
586 2233 663 2298 inde
678 2235 847 2321 proprium
863 2233 942 2320 legis
959 2243 1171 2321 praeseptum
1185 2233 1302 2314 statuit
1315 2233 1439 2298 indem-

293 2346 407 2400 natum
418 2335 559 2400 interfici
566 2358 761 2422 quemquam
773 2359 838 2400 non
848 2335 955 2401 licere.
970 2335 1189 2402 Scilicethaeo
1198 2359 1264 2401 vox
1275 2357 1440 2422 nonprae·

293 2437 393 2504 dicati
408 2437 479 2503 loco
495 2447 545 2502 est
560 2459 621 2502 nee
633 2460 706 2502 oum
717 2445 868 2515 ‘interfici'
881 2438 1121 2524 coniungenda,
1135 2437 1192 2502 sed
1202 2437 1358 2503 adieetivi
1371 2438 1439 2503 vim

293 2540 393 2606 habet
405 2538 625 2603 adtdomiueu'
638 2541 793 2626 appositi,
805 2550 842 2605 nt
855 2542 898 2605 sit
910 2542 1004 2626 quasi
1017 2541 1205 2626 ‘integrum'
1219 2551 1252 2606 et
1265 2539 1440 2606 ‘liberum'

293 2643 453 2729 Apprime
467 2642 533 2706 hue
554 2640 695 2727 quadrat
710 2642 805 2708 Pauli
826 2666 898 2708 exe.
914 2666 956 2708 ex
970 2643 1069 2708 Festo
1085 2666 1117 2730 p.
1133 2643 1194 2707 221
1211 2667 1242 2725 r.
1256 2647 1440 2722 peruritur)

294 2754 540 2823 quaestores...
580 2749 671 2808 ‘Num
686 2749 852 2824 parricida
874 2765 932 2808 uou
953 2753 1053 2825 utique
1079 2752 1104 2810 is
1129 2752 1182 2824 qui
1192 2755 1359 2824 *parentem
1386 2765 1441 2809 oc-

293 2852 425 2921 uidisset,
441 2851 609 2924 dicebatur,
624 2852 679 2911 sed
692 2855 925 2926 qualemcunque
940 2853 1085 2912 homiuem
1101 2853 1316 2912 iudemuatuui
1327 2886 1369 2894 —-
1382 2846 1440 2912 ubi

294 2971 376 3014 voce
391 2953 630 3012 ‘indemnatum'
646 2971 666 3013 a
680 2948 846 3035 plerisque
860 2971 1034 3036 perperam
1054 2950 1241 3037 improbata
1261 2948 1318 3032 (ef.
1341 2949 1442 3014 etiam

294 3049 482 3116 Dirksenus
504 3073 535 3138 p.
557 3051 635 3138 617)
658 3074 699 3116 ne
721 3052 825 3116 careri
845 3051 978 3137 quidem
1005 3074 1101 3138 posse
1121 3050 1298 3118 Muellerus
1321 3061 1441 3117 monet.

295 3153 409 3242 Cicero
430 3177 462 3240 p.
481 3154 564 3219 dom.
585 3155 634 3236 17,
656 3155 698 3220 43
720 3159 794 3234 *quo
814 3161 894 3233 iure,
917 3176 974 3248 quo
995 3175 1090 3231 ruore,
1112 3175 1169 3234 qqo
1192 3161 1329 3234 exempto
1348 3161 1441 3234 teqem

294 3263 466 3322 nominatim
482 3262 519 3320 de
533 3243 631 3337 capite
644 3265 717 3322 ciuis
731 3263 896 3322 iudeuuatt
909 3265 1015 3321 tulistis
1022 3258 1048 3322 ‚7⁹
1066 3258 1099 3321 in
1111 3258 1220 3324 Pison.
1235 3258 1286 3339 13,
1299 3258 1341 3323 30
1355 3263 1443 3336 ‘quae

295 3371 364 3424 crat
376 3370 481 3424 coutra
497 3379 597 3422 omues
617 3367 697 3436 teqes
718 3365 884 3422 iudemuati
903 3367 975 3424 ciuis
990 3373 1078 3439 atque
1093 3365 1204 3438 iuteqri
1222 3365 1330 3438 capitis
1349 3364 1442 3424 bauo-

294 3481 419 3539 rumque
434 3466 594 3526 tribunicia
604 3468 799 3541 proscriptio’
815 3461 856 3526 al.
873 3459 1009 3526 Rectius
1026 3463 1127 3547 igitur
1143 3461 1298 3526 Pithoeus
1314 3461 1442 3526 Numae

294 3563 367 3648 lege
382 3563 472 3650 apud
486 3561 627 3627 Paulum
648 3564 682 3627 in
704 3586 799 3628 snum
820 3587 915 3628 usum
937 3586 1097 3631 conuersa
1119 3563 1279 3630 eiusmodi
1299 3563 1443 3628 edietum

295 3665 412 3733 statuit
426 3672 465 3729 ‘si
477 3673 543 3744 quis
556 3671 682 3730 liberum
697 3672 843 3731 homiuem
865 3661 1070 3732 iudemu'atum
1084 3674 1174 3731 morti
1187 3671 1267 3744 duit,
1284 3669 1445 3745 poricides

294 3777 380 3834 esto!
396 3767 592 3855 Oppositum
607 3779 719 3834 autem
734 3777 784 3833 est
800 3770 887 3856 quod
903 3769 944 3835 de
959 3770 1091 3836 homine
1106 3791 1201 3834 sacro
1215 3771 1273 3833 i.e.
1290 3768 1444 3833 damnato

295 3874 329 3937 in
345 3871 417 3956 lege
432 3871 612 3936 tribunicia
626 3871 735 3958 prima
751 3881 882 3936 cautum
898 3883 983 3937 eret:
1002 3879 1040 3937 ‘si
1054 3879 1120 3952 quis
1136 3893 1203 3935 eum
1218 3878 1271 3949 qui
1283 3890 1318 3935 eo
1328 3874 1445 3950 plebei-

294 3981 366 4038 scito
380 3994 467 4038 saeer
481 3978 520 4036 sit
532 3979 688 4052 occiderit,
701 3979 862 4054 parricida
877 3996 914 4038 ue
929 3981 983 4038 sit’
1000 3975 1117 4039 Festus
1135 3995 1166 4060 p.
1183 3974 1257 4038 318.

379 4076 451 4141 Iam
471 4097 549 4140 vero
567 4099 642 4142 cum
659 4073 806 4141 Salviani
828 4085 860 4142 et
874 4075 974 4140 Plinii
995 4075 1191 4143 testimoniis
1213 4075 1255 4140 de
1276 4073 1445 4141 homicidii

295 4201 401 4265 poena
416 4178 490 4265 lege
507 4178 685 4244 constituta
702 4178 835 4242 tertium
847 4177 979 4245 videtur
996 4176 1252 4246 consociandum
1271 4176 1446 4263 Pomponii

293 4282 328 4346 in
344 4282 421 4366 Dig.
442 4285 470 4365 1,
486 4282 516 4364 2,
531 4282 552 4345 2
568 4283 588 4363 ἕ
603 4281 644 4344 23
661 4287 799 4358 utquid,
821 4291 853 4343 ut
868 4285 1022 4359 dicimus,
1043 4286 1081 4344 de
1100 4287 1200 4358 capite
1220 4287 1293 4344 ciuis
1315 4283 1445 4343 Romani

186 4411 188 4415 ·
295 4386 411 4446 iniussu
420 4390 528 4464 populi
541 4404 600 4450 uou
615 4394 683 4450 erat
695 4391 761 4464 teqe
777 4389 955 4462 permissum
970 4389 1016 4448 ius
1028 4387 1143 4460 dicere,
1159 4391 1326 4463 propterea
1347 4399 1445 4463 quae·-
