3282 4992
353 294 401 344 na
424 293 476 344 xu
498 294 712 344 rrnvmavu
734 295 911 358 numurus
935 297 1222 350 corsrrrvuunrs.
1321 281 1363 349 79

218 459 319 515 esto!
329 451 353 536 ¹)
384 448 525 516 Omnino
539 450 574 516 in
589 449 717 536 legibus
733 451 933 539 insequentis
949 453 1106 539 temporis
1126 451 1181 518 ille
1196 475 1292 538 quem
1307 473 1361 516 no-

218 553 287 619 tavi
303 552 435 619 dicendi
449 574 526 635 usus
541 549 639 620 latius
655 562 747 640 patet
762 554 805 618 ci.
822 552 950 639 exlege
966 555 1053 620 Iulia
1069 561 1204 634 ‘eiusque
1213 561 1363 634 pecuniae

218 660 288 734 quer·
300 661 488 735 uolctpctr'u'o
511 663 599 736 esto’,
620 655 692 722 Lex
711 655 842 740 agraria
862 654 883 719 l.
901 656 960 721 101
983 659 1037 720 ‘ub
1057 655 1129 736 ipsis
1149 661 1363 736 heredibusque

217 777 320 820 corum
332 763 502 838 persequere
516 763 587 820 eslo’
603 756 646 822 al.

242 909 246 915 .
301 857 454 946 Denique
474 881 602 924 summa
626 858 678 924 vis
705 860 920 945 oppositionis
941 881 981 924 ac
1000 859 1070 925 fere
1089 861 1219 947 poetica
1239 861 1287 925 rei
1307 859 1361 926 de·

219 960 354 1048 scriptio
376 970 515 1047 apparet
534 961 568 1025 in
588 961 699 1028 verbis
721 959 808 1026 VIII
823 961 866 1024 24
886 967 931 1025 ‘si
950 969 1037 1026 telum
1059 982 1151 1026 mauu
1167 969 1249 1060 supet
1266 969 1363 1040 muris

210 1067 425 1142 'quumiecit’:
446 1063 486 1128 de
507 1063 626 1150 quibus
646 1063 718 1126 iure
733 1061 857 1128 Cicero
870 1062 910 1127 de
933 1062 1201 1146 or.11139,158
1224 1069 1362 1144 ‘Impru-

218 1169 320 1229 dentia
335 1170 386 1228 teli
398 1170 498 1228 emissi
511 1169 627 1228 bertus
638 1171 773 1244 propriis
788 1169 883 1228 cerbus
896 1171 1009 1244 exponi
1029 1185 1088 1228 uou
1105 1173 1203 1244 potuit
1216 1185 1305 1244 quum
1320 1177 1364 1230 est

217 1271 462 1344 unumqur'tteutu
477 1273 644 1333 translato)
676 1265 741 1331 Sed
762 1265 804 1330 ab
820 1265 881 1330 hoc
902 1286 968 1329 non
989 1265 1094 1330 minus
1117 1289 1214 1352 quam
1234 1267 1276 1332 ab
1296 1263 1361 1330 illis
1431 1324 1434 1331 .

217 1369 492 1454 mirumquantum
509 1367 612 1432 distat
627 1367 713 1453 quod
734 1366 935 1432 aMacrobio
957 1366 1024 1448 14,
1043 1367 1083 1431 19
1097 1367 1216 1433 citatur
1238 1373 1282 1432 ‘se'
1301 1386 1362 1430 uox

214 1473 360 1546 furtum
379 1473 524 1546 fuctum
544 1477 607 1547 stt,
623 1477 649 1532 ει·
663 1476 702 1532 r'm
717 1476 832 1548 occisit,
849 1476 914 1533 r'urc
929 1489 1035 1536 caesus
1050 1478 1132 1534 esto)
1163 1469 1313 1555 Namque
1328 1471 1362 1535 iu

118 1617 122 1627 .
216 1572 278 1636 hac
292 1594 329 1636 re
344 1581 380 1661 ut
395 1593 460 1658 qua
475 1567 616 1635 maxime
632 1570 785 1636 voluntas
801 1569 941 1636 hominis
956 1570 1136 1657 premenda
1151 1581 1234 1636 erat:
1257 1593 1362 1658 neque

217 1695 336 1740 caussa
362 1694 420 1738 cur
446 1671 659 1754 defendatur,
694 1673 814 1738 nedum
841 1693 898 1736 cur
926 1673 1132 1758 praeferatur
1160 1673 1286 1738 incerta
1314 1673 1362 1738 rei

216 1774 325 1844 factae
339 1773 484 1856 notatio,
507 1773 575 1838 ulla
595 1773 630 1837 in
645 1785 806 1861 promptu¹
821 1783 882 1839 cst.
915 1775 1065 1859 Augetur
1085 1783 1196 1839 autem
1216 1775 1293 1839 inde
1314 1774 1361 1840 of-

217 1874 339 1957 fensio,
356 1876 444 1961 quod
460 1897 564 1961 neque
581 1875 788 1960 accusativus
805 1881 877 1938 ‘im’
899 1885 950 1940 est
970 1897 1033 1960 quo
1054 1877 1234 1959 referatur,
1256 1899 1361 1962 neque

217 1977 445 2043 coniunctivus
464 1983 538 2042 ’.ψ’
561 1975 695 2042 tolerari
716 1978 751 2059 in
771 1977 843 2062 lege
863 1976 929 2042 ullo
950 1976 1045 2041 modo
1065 1988 1187 2063 potest:
1215 1978 1260 2042 id
1275 1979 1361 2064 quod
1390 2057 1391 2062 ἵ

218 2077 306 2142 infra
321 2101 417 2166 spero
432 2101 485 2144 me
500 2077 630 2165 planius
646 2101 717 2144 esse
733 2079 1032 2165 comprobaturum.
1056 2078 1144 2144 Hinc
1159 2080 1260 2164 igitur
1275 2082 1361 2165 quod

217 2181 283 2244 iam
298 2181 424 2245 Cuiacii
441 2203 578 2246 acumen
593 2181 678 2247 vidit
694 2181 807 2268 (Obss.
827 2181 877 2262 11,
896 2180 951 2265 27)
967 2180 1195 2266 persuasitque
1211 2179 1360 2266 pluribus

217 2281 299 2367 legis
315 2283 551 2369 interpretibus
570 2289 608 2347 ‘si
616 2303 678 2347 uox
690 2287 809 2360 furtum
822 2287 940 2359 suuit'
958 2281 1050 2346 unice
1062 2281 1233 2368 probatur:
1251 2304 1360 2368 quem·

217 2383 394 2463 admodum
414 2383 486 2450 XII
505 2387 526 2450 3
548 2395 597 2452 est
623 2388 667 2448 ‘si
691 2406 794 2460 seruus
812 2388 931 2462 furtum
948 2387 1056 2460 suuit'
1092 2383 1221 2448 Eodem
1241 2383 1361 2448 ducere

217 2484 348 2552 videtur
363 2485 464 2552 Gellii
485 2487 707 2553 testimonium
723 2487 776 2552 XI
793 2488 849 2570 18,
867 2488 884 2552 7
902 2491 992 2550 ‘Num
1009 2489 1113 2563 furem
1132 2493 1184 2564 uui
1201 2488 1361 2562 manifesto

212 2591 303 2664 furto
317 2608 447 2671 prensus
466 2600 554 2670 esset,
577 2603 637 2653 tum
659 2595 775 2654 demum
800 2595 897 2654 occidi
913 2595 1126 2669 permiserunt,
1150 2595 1178 2652 si
1200 2601 1267 2665 out,
1293 2608 1360 2651 cum

212 2692 366 2766 fuceret
375 2693 536 2770 furtum,
552 2711 614 2755 uox
629 2704 712 2773 esset,
731 2701 784 2756 aut
797 2696 926 2756 interdiu
942 2699 1056 2773 lutose,
1072 2711 1139 2755 crem
1151 2695 1359 2783 prendererur2

217 2795 414 2868 defenderet?
445 2793 489 2856 cf.
506 2791 610 2858 Gaius
633 2792 716 2860 Inst.
732 2793 787 2858 III
803 2793 875 2858 189.
905 2795 955 2858 Ac
974 2792 1055 2857 mihi
1076 2793 1206 2878 quidem
1227 2790 1298 2857 veri
1319 2791 1359 2855 si·

216 2892 292 2958 mile
307 2893 439 2959 videtur
454 2917 474 2958 a
486 2893 604 2976 Gellio,
613 2895 714 2960 ‘cuius
730 2917 772 2959 ex
787 2895 871 2961 libro
883 2893 971 2960 VIII
985 2917 1072 2959 nunc
1086 2894 1257 2981 deperdito
1273 2894 1360 2958 hunc

216 3004 321 3060 totum
341 2994 448 3058 locum
469 2995 660 3063 Macrobius
685 2995 862 3082 exscripsit
882 2995 939 3080 (cf.
960 2994 1047 3063 VIII
1069 2998 1085 3059 1
1107 2996 1221 3081 inser.)
1244 2995 1359 3062 ecdem
1449 3009 1453 3016 “

215 3097 314 3163 modo
326 3105 364 3162 ut
375 3096 445 3162 XX
459 3098 488 3177 1,
504 3099 542 3160 12
558 3101 701 3176 ‘faxsit'
718 3097 875 3182 scriptum
887 3097 1005 3162 fuisse:
1023 3119 1066 3161 ex
1079 3096 1142 3162 hac
1157 3105 1267 3160 autem
1282 3099 1358 3162 scri-

216 3208 314 3285 ptura
328 3221 437 3280 errore
454 3199 525 3265 sive
540 3198 703 3265 Macrobii
719 3200 788 3264 sive
802 3197 931 3263 librarii
946 3203 1072 3276 ‘fuctum
1086 3205 1135 3262 εἰτ’
1151 3209 1260 3263 ortum
1275 3221 1358 3263 esse.

300 3301 356 3366 Ad
377 3299 467 3366 aliud
487 3301 619 3366 accedo.
649 3301 831 3388 Perpetuus
853 3309 903 3365 est
928 3309 961 3365 et
985 3301 1055 3364 sine
1083 3300 1274 3387 exceptione
1300 3323 1359 3386 per

216 3402 298 3488 legis
325 3413 498 3492 praecepta
523 3403 588 3469 sibi
612 3413 768 3470 constans
793 3403 1026 3489 imperativi
1050 3424 1146 3484 usne,
1173 3400 1227 3468 vel
1251 3403 1287 3465 in
1311 3403 1357 3467 eis

216 3527 299 3590 quae
314 3504 533 3590 permittentis
548 3507 653 3591 magis
675 3526 773 3592 quam
788 3505 978 3591 imperantis
996 3516 1072 3570 sunt
1084 3504 1135 3570 cf.
1152 3506 1168 3569 I
1183 3506 1204 3569 3
1220 3513 1259 3569 ‘se'
1272 3513 1357 3581 noter,

215 3627 355 3672 arcuum
370 3629 407 3671 uc
421 3615 564 3686 sternier,
581 3608 670 3674 1114
691 3616 734 3672 ‘st
755 3615 841 3685 uolet,
857 3615 930 3687 plus
945 3613 1032 3672 duto'
1049 3605 1091 3670 al.
1123 3605 1233 3688 Quare
1254 3609 1289 3671 in
1305 3607 1357 3672 Ci-

216 3709 343 3775 ceronis
361 3731 407 3774 or.
424 3732 456 3798 p.
473 3708 618 3792 Tulliae
631 3709 675 3775 50
690 3715 822 3786 ‘Furem
838 3715 893 3774 boc
906 3720 950 3774 cst
958 3715 1145 3789 proedonem
1160 3721 1189 3774 et
1201 3718 1356 3782 latronem,

215 3817 281 3876 lucc
290 3816 395 3876 occidi
406 3823 505 3876 retunt
517 3816 590 3876 XII
601 3817 735 3877 tubulus:
754 3832 820 3876 cum
841 3817 922 3876 iulru
935 3819 1067 3891 parietes
1083 3822 1146 3876 tuos
1160 3811 1270 3876 hostem
1285 3834 1357 3876 ccr-

157 3963 160 3970 .
214 3919 356 3978 tissimum
372 3925 486 3991 teneus,
502 3920 562 3979 uisi
576 3919 630 3979 “sc
644 3922 700 3979 telo
714 3918 879 3992 defcudd’'
896 3920 1003 3992 iuquit,
1019 3921 1138 3978 etiamst
1150 3936 1216 3979 cum
1232 3921 1288 3978 telo
1303 3939 1358 3980 ue·-

214 4021 309 4096 uerrt,
326 4023 386 4080 uisi
398 4027 496 4080 utetur
516 4024 572 4080 telo
591 4038 626 4081 eo
646 4039 684 4084 uc
698 4022 889 4098 repuuuubr't,
911 4037 970 4080 uon
990 4024 1122 4082 occidcs’
1145 4016 1292 4084 notanda
1307 4027 1358 4083 est

214 4137 326 4182 eorum
351 4117 513 4183 editorum
539 4121 682 4203 incuria,
703 4120 759 4207 qui
786 4127 856 4184 ‘uun
881 4125 1009 4185 occidcs'
1034 4119 1116 4206 legis
1138 4120 1241 4186 verba
1264 4120 1356 4184 intel·

284 4343 304 4407 ¹)
324 4343 359 4398 cs.
378 4342 539 4400 Huschkius
557 4343 575 4396 1.
595 4345 612 4396 1.
630 4362 657 4412 p.
677 4347 733 4396 126.
