3282 4970
680 289 818 338 1111111
841 291 877 338 u.
1292 273 1367 340 121'·

763 445 877 508 3..

293 595 351 643 CVI
373 595 614 645 TESTIMONIVM
637 597 827 662 DEFVEIMT,
852 598 882 644 ls
905 592 1051 647 Taurus
1065 599 1193 647 DIEBVS
1209 599 1255 647 OB
1270 599 1352 649 POR-

208 698 280 748 TVM
304 696 566 748 OBVAGVLATVM
587 699 657 748 ITO.

211 957 284 1024 apud
301 959 419 1008 maiores
437 963 545 1009 nostros
564 959 587 1009 is
604 957 765 1022 dicebatur,
784 973 864 1023 quem
882 974 955 1010 nunc
973 959 1148 1025 peregrinum
1160 958 1288 1011 dicimus.
1306 963 1353 1012 In·

209 1042 306 1094 dicant
318 1042 460 1094 duodecim
473 1042 586 1094 tabulae
600 1047 670 1094 ‘aut
683 1070 713 1080 -
728 1043 844 1094 hoste.’
870 1043 971 1096 Festus
984 1061 1011 1110 p.
1024 1045 1074 1096 314
1086 1045 1124 1096 Μ,
1137 1043 1267 1095 ‘Status
1280 1043 1353 1098 dies

210 1126 284 1192 (oum
306 1126 397 1192 hoste)
422 1131 538 1184 uocatur
565 1129 611 1193 qui
634 1128 720 1178 iudici
744 1143 830 1179 causa
859 1132 901 1180 est
924 1129 1089 1179 constitutus
1113 1144 1174 1179 cum
1196 1131 1352 1195 peregrino.

193 1209 278 1263 ¹Eius
297 1213 369 1264 enim
387 1213 498 1276 generis
523 1212 557 1262 ab
577 1214 698 1278 antiquis
721 1213 815 1264 hostes
840 1212 1066 1278 appellabantur,
1095 1213 1168 1278 quod
1190 1219 1270 1264 erant
1291 1215 1366 1280 pari'

209 1299 269 1348 iure
290 1313 350 1347 cum
368 1297 469 1362 populo
482 1297 605 1348 Romano
625 1301 708 1362 atque
726 1297 832 1348 hostire
845 1297 999 1362 ponebatur
1012 1314 1060 1364 pro
1074 1303 1214 1364 aequare!
1240 1299 1275 1350 of.
1288 1299 1353 1350 Pla·

211 1383 266 1434 cidi
286 1377 329 1434 Gl.
348 1399 374 1448 p.
387 1383 437 1433 436
450 1383 486 1432 Μ.
505 1398 530 1432 u.
549 1383 667 1448 agoniae
686 1421 693 1436 .
714 1420 719 1431 .
739 1382 867 1446 ‘Antiqui
886 1383 971 1433 etiam
988 1384 1149 1449 peregrinos
1168 1388 1196 1434 et
1213 1385 1276 1449 pari
1293 1386 1352 1436 iure

210 1468 339 1518 uiuentes
357 1467 452 1518 hostes
470 1467 622 1518 dicebant.’
657 1466 774 1518 Plautus
793 1465 942 1531 Catali,
960 1470 977 1518 4
996 1469 1032 1518 ‘si
1050 1468 1141 1520 media
1160 1484 1213 1520 nox
1232 1474 1275 1520 est
1293 1471 1353 1521 siue

211 1551 1352 1618 estprimauespera,Sistatuscondictuscumbosteinterceditdies‚

210 1638 315 1688 Tamen
327 1641 370 1688 est
381 1636 519 1688 cundum.’
532 1637 568 1688 cf.
581 1636 689 1688 Gellius
698 1638 730 1687 N.
741 1636 877 1699 AXVIt,
889 1638 914 1690 4.
943 1637 979 1688 D.
991 1638 1031 1701 50,
1043 1640 1083 1702 16,
1093 1641 1144 1690 234
1152 1653 1192 1705 pr.
1205 1623 1292 1692 Gaius
1301 1639 1354 1692 LII

211 1720 245 1772 ad
263 1721 353 1787 legem
371 1721 424 1774 XII
442 1722 599 1772 tabularum
618 1722 773 1786 ...ssQuos
790 1737 840 1772 nos
857 1721 952 1773 hostes
971 1722 1157 1788 appellamus,
1178 1739 1226 1776 eos
1243 1729 1353 1776 ueteres

210 1806 366 1873 perduelles
389 1807 585 1872 appellabant,
608 1823 658 1872 per
681 1823 742 1858 eam
766 1806 950 1860 adiectionem
972 1807 1143 1874 indicantes,
1169 1824 1231 1859 oum
1253 1809 1354 1874 quibua

209 1891 313 1944 bellum
326 1895 419 1942 esset’
455 1892 555 1942 Festus
568 1908 595 1957 p.
609 1893 658 1942 2⁷3
671 1891 708 1945 M.
727 1892 811 1942 ‘Reus
824 1908 897 1944 nunc
912 1892 1014 1943 dicitur
1032 1896 1079 1958 qui
1097 1909 1210 1950 causam
1228 1894 1306 1960 dicit,
1326 1899 1353 1944 et

210 1978 278 2028 item
296 1977 344 2041 qui
363 1975 428 2041 quid
445 1977 571 2042 promisit
589 1977 770 2043 spoponditue
788 1993 822 2028 ac
840 1976 930 2028 debet.
966 1975 1003 2027 At
1016 1977 1114 2030 Gallus
1127 1977 1223 2030 Aelius
1241 1978 1312 2030 libro
1326 1980 1353 2029 11
1405 2042 1409 2048 Ι

211 2059 445 2127 significationum
463 2061 608 2112 uerborum
627 2076 699 2126 quae
718 2061 753 2113 ad
771 2063 814 2113 ius
831 2063 975 2128 pertinent
997 2064 1050 2114 ait:
1073 2068 1152 2114 ‘reus
1172 2064 1276 2128 estqui
1292 2079 1353 2114 811111

212 2147 300 2198 altero
317 2147 395 2198 litem
414 2149 599 2200 contestatam
617 2147 715 2212 habet,
733 2147 793 2198 siue
811 2149 835 2198 is
849 2148 907 2213 egit
918 2148 977 2198 siue
992 2163 1052 2200 oum
1065 2164 1097 2199 eo
1111 2152 1204 2198 actum
1216 2153 1269 2200 est’
1283 2186 1289 2198 .
1304 2187 1311 2202 .
1325 2185 1331 2197 .
1347 2185 1352 2198 .

211 2231 248 2282 Ar
266 2230 365 2298 Capito
383 2229 481 2282 Ateius
498 2232 528 2282 in
547 2232 642 2284 eadem
661 2231 770 2297 quidem
788 2233 916 2297 opinione
936 2235 992 2293 est,
1016 2232 1065 2302 sed
1090 2233 1214 2298 exemplo
1237 2233 1354 2284 adiuuat

210 2317 482 2383 interpretationem:
500 2317 589 2368 Numa
608 2317 689 2380 (Nam
711 2317 841 2368 Turnebus
860 2317 929 2368 Ado.
948 2320 988 2376 17,
1006 2316 1034 2383 8)
1058 2319 1086 2367 in
1109 2318 1232 2370 secunda
1255 2317 1353 2368 tabula

210 2401 332 2452 secunda
350 2401 412 2468 lege
432 2401 505 2466 (fort.
524 2405 670 2467 legendum.-
690 2403 720 2452 in
744 2401 867 2454 secunda
889 2402 946 2456 tab.
965 2403 1018 2452 XII
1037 2401 1119 2469 legis)
1141 2400 1178 2468 [in
1197 2401 1263 2468 qua]
1286 2403 1352 2452 scri·

211 2491 287 2553 ptum
311 2491 367 2538 est:
392 2487 573 2552 ‘Quid...?
628 2488 654 2538 ic
677 2491 791 2553 uterque
820 2491 897 2538 actor
920 2503 1037 2552 reusque
1060 2489 1089 2538 in
1111 2488 1215 2538 iudicio
1242 2471 1353 2538 181118-
1391 2515 1394 2520 ·

212 2575 328 2623 eantur.'
362 2573 397 2622 D.
415 2574 444 2636 2,
464 2541 577 2636 11,,91ξ
615 2609 620 2623 .
644 2571 781 2638 leianus
798 2572 816 2622 l.
835 2571 950 2624 LXXIV
968 2573 1003 2624 ad
1022 2573 1150 2624 edictum.
1167 2572 1215 2624 ‘Si
1232 2573 1293 2636 quis
1311 2572 1353 2621 iu·

211 2657 284 2708 dicio
307 2672 337 2708 se
361 2657 423 2708 sisti
444 2657 603 2722 promiserit
626 2661 654 2708 et
676 2657 837 2708 ualetudine
859 2657 905 2707 uel
927 2661 1094 2723 tempestate
1118 2658 1211 2709 ualui
1234 2656 1353 2708 fluminis

210 2742 365 2809 prohibitus
384 2757 414 2794 se
433 2743 531 2793 sistere
549 2758 603 2794 non
621 2742 722 2807 possit,
743 2743 904 2808 exceptione
918 2742 1065 2794 adiuuatur
1079 2780 1084 2792 .
1099 2781 1126 2797 ..
1147 2747 1175 2794 et
1192 2741 1255 2792 ideo
1268 2742 1353 2793 etiam
1432 2783 1438 2796 .

211 2829 255 2880 lex
274 2827 327 2878 XII
346 2826 515 2886 tabularum,
535 2827 660 2878 siiudex
681 2826 728 2877 uel
752 2827 885 2881 alteruter
910 2844 942 2878 ex
961 2827 1151 2893 litigatoribus
1174 2827 1268 2881 morbo
1291 2842 1353 2877 son-

211 2912 266 2964 tico
278 2911 453 2978 impediatur,
465 2913 544 2964 iubet
557 2913 629 2963 diem
641 2912 738 2962 iudicii
752 2927 813 2963 esse
826 2911 981 2966 diffissum.’
1018 2913 1054 2963 ci.
1067 2913 1135 2978 Dig:
1145 2915 1186 2977 42,
1201 2915 1224 2972 1,
1237 2914 1277 2964 60.
1306 2913 1354 2962 Iu-

211 2999 302 3050 lianus
320 2997 339 3050 1.
357 3000 381 3049 V
399 2996 464 3063 Dig.
484 2997 659 3060 ‘Quaesitum
678 3000 732 3062 est,
753 3012 814 3047 cum
838 2997 909 3048 alter
928 3012 961 3047 ex
979 2997 1167 3063 litigatoribus
1186 2998 1353 3048 febricitans

211 3083 386 3134 discessisset
404 3086 432 3134 et
449 3081 532 3132 iudex
550 3082 666 3134 absente
690 3098 722 3132 eo
745 3082 965 3147 pronuntiasset,
992 3097 1027 3131 an
1050 3082 1109 3132 iure
1131 3082 1272 3133 uideretur
1292 3098 1354 3147 pro-

211 3169 363 3220 nuntiasse.
392 3165 558 3233 Respondit:
578 3168 688 3218 morbus
705 3167 828 3236 scuticus
848 3168 932 3220 etiam
950 3165 1045 3217 inuitis
1063 3167 1254 3236 litigatoribus
1268 3168 1354 3217 aciu-
1398 3222 1401 3225 ,

211 3253 274 3306 dice
292 3253 364 3304 diem
383 3251 496 3303 differt'

279 3376 303 3427 3.
322 3373 424 3423 Festus
442 3389 468 3438 p.
481 3373 531 3424 233
543 3372 580 3423 Μ.
599 3373 747 3422 ‘Portum
762 3372 793 3421 in
811 3371 865 3422 XII
883 3387 932 3437 pro
950 3371 1028 3422 domo
1047 3371 1168 3436 positum
1186 3386 1280 3422 omnes
1293 3373 1370 3423 fere

213 3458 387 3508 consentiunt
407 3457 476 3506 ‘cui
497 3495 502 3506 .
523 3459 540 3510 .'
578 3455 620 3512 Id.
639 3474 665 3523 p.
689 3457 739 3509 375
762 3456 798 3508 M.
818 3455 979 3522 ‘Vagulatio
1007 3456 1037 3504 in
1059 3455 1077 3507 l.
1101 3457 1156 3506 XII
1179 3455 1353 3519 (tabularum

215 3543 275 3596 Vct.
290 3546 313 3592 1.
327 3540 356 3606 2)
375 3541 515 3606 significat
533 3541 721 3607 quaestionem
735 3541 937 3606 (questionem‘l
956 3541 1123 3592 Mommsenus
1141 3544 1167 3592 ta
1179 3543 1254 3593 Dias.
1272 3543 1354 3609 antiq.

210 3630 331 3679 amentiae
345 3630 413 3678 1844
424 3645 452 3692 p.
467 3626 526 3692 466)
541 3643 602 3678 cum
615 3627 749 3678 conuitio:
769 3629 853 3678 ‘cui.
869 3631 886 3678 .’
922 3625 1031 3678 Placidi
1044 3625 1086 3677 Gl.
1100 3642 1125 3692 p.
1138 3627 1188 3678 492
1200 3627 1236 3677 M.
1256 3627 1352 3677 ‘Por-

210 3717 278 3764 tum
301 3714 408 3765 domum
435 3714 481 3764 uel
503 3713 627 3777 ianuam,
651 3712 788 3763 interdum
811 3713 929 3779 petitum
951 3713 980 3774 (t.
1004 3712 1138 3778 porticum
1157 3715 1188 3765 ol.
1208 3711 1251 3764 Gl.
1271 3711 1309 3763 VI
1326 3729 1353 3778 p.

210 3799 260 3850 569
278 3798 315 3852 M.
333 3813 359 3848 u.
378 3796 489 3866 portal?

211 3953 414 3963 ----

296 4076 323 4132 3.
347 4077 391 4130 8111
407 4089 461 4133 om.
486 4074 575 4132 Vatia.
592 4078 710 4146 154911.
729 4079 796 4130 375.
853 4073 991 4147 defugerit
1013 4072 1075 4129 Vct.
1095 4073 1239 4128 2731Ed.
1254 4076 1352 4144 princ.

209 4161 325 4218 Medici.
337 4178 365 4216 a.
379 4164 463 4216 1510.
478 4160 597 4217 deluerit
608 4160 746 4232 ‹lelugerit
766 4159 827 4216 Vct.
844 4161 920 4214 1519
934 4159 969 4216 ib.
1026 4159 1068 4214 his
1080 4158 1160 4214 Fasti
1170 4157 1231 4214 cod.
1240 4174 1273 4228 p.
1288 4161 1353 4214 233.

209 4247 291 4302 certis
314 4245 376 4302 Vnt.
394 4246 462 4310 duo,
478 4245 534 4302 Ed.
545 4248 642 4321 princ.
659 4262 688 4316 p.
708 4247 775 4300 375.
833 4245 929 4318 potum
949 4243 1130 4300 Victorianus
1158 4243 1195 4299 ib.
1260 4241 1354 4299 obual·

210 4329 379 4404 gulatiouem
401 4330 456 4389 Ed.
469 4347 520 4403 pr.
619 4373 623 4380 .
