3282 4970
353 309 401 358 un
424 310 475 357 xn
499 309 712 358 rnavnruvu
734 309 911 370 aaarovrrs
934 309 1222 360 oousrrrvnuurs.
1314 293 1355 358 89

213 467 276 532 luit
296 466 380 532 Mus.
403 466 494 531 rhen.
511 462 590 551 phil.
606 465 672 529 XV
687 465 764 529 464:
787 487 978 550 praesens
1001 487 1073 531 esse
1094 473 1267 532 ‘nancitor’
1285 465 1355 530 sive

213 574 412 636 ‘adciscitur’
434 569 534 656 idque
549 590 622 632 curn
638 566 672 630 in
686 566 758 652 lege
772 568 841 632 vim
856 567 976 634 habeat
990 568 1111 650 futuri,
1125 568 1237 634 futuro
1254 567 1355 655 expli·

213 673 283 738 cari
299 671 404 738 solere
425 695 445 736 a
460 669 702 756 grammaticis,
725 670 760 733 in
780 678 848 734 tam
870 680 960 737 certa
981 681 1014 737 et
1029 679 1184 736 accurata
1196 671 1355 757 interpre-

213 775 336 849 tatione
361 774 413 840 bis
440 773 581 860 repetita
606 771 817 838 satisfacere
843 771 910 838 ull-o
935 773 1031 840 modo
1056 780 1178 859 potest:
1209 773 1266 858 qui
1291 794 1355 858 quo

214 875 365 963 exemplo
386 876 452 942 talc
474 874 662 962 explicandi
682 897 786 960 genus
807 875 965 940 illustrari
985 873 1103 956 voluit,
1126 875 1161 940 id
1175 875 1282 963 ipsum
1297 896 1357 940 cur

212 1003 330 1067 parurn
355 979 437 1062 mihi
461 979 635 1065 probetur,
661 978 749 1042 infra
776 979 894 1044 dicam.
925 977 1132 1065 Quamquam
1158 977 1356 1043 Corssenum

213 1083 269 1170 qui
285 1081 341 1167 (de
351 1081 472 1146 llnunt.
485 1082 503 1147 Ι
518 1080 549 1145 5.
572 1080 733 1166 1138sq.)
749 1080 890 1167 probata
901 1079 1052 1146 Muelleri
1068 1080 1230 1146 sententia
1244 1079 1354 1166 potius

171 1259 176 1265 K
213 1191 400 1250 ‘rrancsr'lor'
421 1191 454 1248 et
469 1189 695 1247 ‘recensetur’
712 1191 867 1268 quattuor
885 1183 958 1247 istis
980 1182 1059 1248 locis
1080 1183 1237 1268 scripturn
1251 1181 1357 1246 fuisse-

213 1295 380 1368 autumat,
406 1287 489 1352 bene
513 1286 603 1350 idem
631 1285 770 1368 refutat,
797 1295 891 1350 vetus
915 1286 1069 1350 mendum
1093 1307 1228 1350 monens
1254 1306 1356 1370 aeque
1443 1337 1445 1344 ,

212 1391 316 1477 repeti
331 1410 428 1476 posse
444 1409 464 1452 a
479 1388 642 1475 scriptura
658 1387 924 1473 Augusti-aetate
939 1387 1104 1454 celebrata
1119 1393 1314 1453 ‘concartau’

297 1492 550 1557 Iamvero—ut
562 1489 694 1554 redeam
706 1489 839 1555 tandem
854 1490 940 1554 unde
955 1489 1123 1575 digressus
1141 1490 1355 1576 sum—quod

155 1635 157 1640 =
213 1597 253 1661 de
268 1594 376 1659 forma
390 1597 583 1658 ‘urduuitur'
605 1592 671 1656 iam
692 1593 823 1658 videtur
843 1591 1049 1679 exploratum
1070 1615 1157 1673 esse,
1179 1592 1265 1659 idem
1286 1601 1356 1658 tota

211 1699 275 1764 loci
297 1695 441 1762 Pliniani
462 1695 653 1762 condicione
673 1695 894 1761 confirmatur.
935 1695 1068 1760 Etenim
1089 1696 1177 1761 huno
1197 1693 1306 1760 locum
1327 1695 1356 1759 si

212 1799 401 1884 diligentius
423 1797 606 1884 inspexeris
628 1806 726 1883 atque
748 1820 821 1862 eum
837 1797 1004 1863 Ciceronis
1027 1819 1124 1884 quem
1140 1819 1240 1885 supra
1260 1795 1356 1861 attuli

210 1900 401 1982 contuleris,
430 1899 683 1986 haudquaquam
709 1898 807 1986 plena
833 1898 915 1984 legis
942 1900 1044 1966 verba
1076 1899 1172 1966 citari
1202 1921 1222 1964 a
1248 1896 1356 1963 Plinio
1410 1910 1418 1982 ζ

112 2029 116 2035 ’
211 2025 404 2090 cognosces:
429 2002 602 2088 inquibus
624 2003 769 2088 parentis
793 2002 863 2068 sive
884 2011 1059 2088 parentum
1077 2001 1199 2067 mentio
1219 2022 1355 2087 prorsus

211 2107 427 2172 desideretur.
458 2105 562 2171 Porro
578 2104 666 2192 quod
680 2112 818 2190 uterque
838 2103 941 2169 refert
956 2110 1037 2170 ‘stae
1049 2108 1183 2181 fraude’
1201 2123 1356 2169 coronam

210 2232 252 2274 ex
272 2208 344 2294 lege
364 2207 488 2294 imponi
509 2215 654 2288 mortuo,
677 2197 893 2294 suspitionem
913 2215 1024 2273 movet
1042 2207 1077 2272 id
1104 2207 1214 2293 ipsum
1240 2203 1356 2270 eodem

210 2310 308 2378 modo
333 2333 395 2396 quo
420 2310 458 2376 fit
484 2311 518 2373 in
543 2303 730 2396 praecepto,
746 2307 834 2395 quod
860 2309 971 2374 statim
993 2309 1139 2397 sequitur
1159 2306 1200 2372 de
1221 2327 1300 2371 auro
1322 2306 1355 2370 in

210 2413 364 2478 dentibus
380 2412 511 2478 condito
527 2410 656 2498 (Cicero
676 2410 715 2475 de
731 2410 795 2495 leg.
811 2410 920 2493 1124,
936 2411 990 2498 60)
1008 2411 1130 2478 diserte
1143 2411 1179 2474 in
1193 2408 1265 2475 XII
1281 2429 1355 2472 oau-

213 2525 281 2580 tum
305 2515 418 2580 fuisse.
445 2513 496 2578 Ne
511 2513 630 2593 multa,
653 2513 735 2598 legis
749 2513 864 2578 -verba
885 2513 920 2576 in
939 2513 1026 2578 hunc
1047 2513 1180 2578 modum
1202 2511 1356 2578 videntur

211 2616 416 2684 restituenda
432 2638 507 2680 esse·

298 2724 369 2796 ‘dur
392 2739 533 2785 emonam
556 2726 641 2798 parit
665 2726 727 2799 apae
749 2724 1003 2798 perquireretur
1029 2717 1184 2782 bonoria
1206 2723 1356 2782 obtudere

212 2843 297 2902 erpo,
314 2829 348 2887 at
361 2827 568 2886 arduur'tur
582 2829 617 2886 et
628 2829 856 2901 parentique
871 2829 949 2898 etus,
965 2841 996 2884 se
1007 2823 1125 2896 fraude
1139 2824 1222 2885 esto?

296 2923 423 2988 Plinius
438 2924 539 3009 igitur
553 2945 626 2988 cum
639 2945 752 2989 vocem
764 2928 950 2988 ‘arduuitur'
963 2945 1028 2988 non
1043 2925 1124 2988 satis
1139 2919 1354 3006 intellegeret,

139 3049 145 3060 ·
213 3049 271 3114 pro
297 3026 432 3092 arbitrio
454 3025 695 3113 putandusest
720 3026 872 3109 resectis,
894 3025 1012 3111 quibus
1039 3046 1150 3089 carere
1170 3046 1268 3109 posse
1291 3023 1355 3089 sibi

212 3129 396 3212 videretur,
418 3128 524 3214 legem
546 3128 767 3193 constituisse.
803 3127 919 3214 Neque
943 3148 1022 3192 vero
1042 3126 1077 3190 in
1103 3149 1141 3192 eo
1168 3125 1355 3191 offendendi

211 3253 329 3298 caussa
344 3241 407 3314 est,
423 3231 511 3317 quod
529 3251 602 3294 cum
617 3230 782 3318 praesenti
800 3236 925 3310 ‘parit’,
942 3249 1005 3316 quo
1020 3250 1072 3293 res
1093 3229 1248 3293 universa
1263 3227 1353 3315 poni·

212 3333 293 3418 tur,'
307 3335 343 3398 in
369 3334 471 3400 altero
497 3333 642 3399 membro
668 3335 816 3398 futurum
842 3340 996 3398 exactum
1021 3331 1065 3396 ad
1086 3341 1211 3397 certum
1231 3337 1355 3397 statum

213 3444 363 3523 spectans
378 3437 541 3521 iungitur:
558 3437 614 3524 qui
629 3453 708 3503 usus
723 3436 868 3500 munitur
888 3435 1023 3520 antiqua
1042 3433 1114 3526 lege
1130 3433 1238 3500 Servii
1253 3430 1354 3497 Tullii

211 3556 294 3624 quae
310 3538 431 3603 dicitur
446 3539 535 3626 apud
547 3540 681 3605 Festum
696 3539 800 3626 pauo
815 3545 853 3604 ‘st
865 3548 1019 3618 parentem
1032 3557 1111 3617 puer
1125 3541 1292 3616 verberit,
1308 3545 1356 3598 art

211 3646 267 3705 olle
278 3647 459 3721 plorassit,
474 3662 557 3728 'puer
578 3647 655 3707 divis
670 3651 833 3721 parentum
854 3662 940 3706 sacer
961 3646 1043 3704 esto?
1081 3638 1146 3704 Hic
1166 3639 1253 3704 enim
1269 3644 1353 3702 ‘oer-

210 3747 301 3808 bertt'
316 3765 383 3808 non
398 3752 459 3826 est,
478 3745 506 3808 si
528 3745 606 3830 quid
628 3744 742 3826 video,
765 3745 821 3829 qui
841 3742 940 3828 vulgo
956 3740 1146 3829 perhibetur
1160 3749 1236 3829 post
1252 3739 1352 3806 Scali-

209 3845 371 3932 gerum1),
388 3844 672 3912 coniunctivus
688 3845 921 3933 praesentis
936 3866 996 3931 pro
1008 3843 1185 3910 ‘verberet'
1198 3843 1352 3908 intereos

210 3946 416 4031 referendus,
443 3949 483 4013 de
509 3948 629 4036 quibus
651 3969 751 4034 supra
771 3946 932 4031 vidimus,
958 3969 1020 4012 nec
1040 3947 1145 4031 magis
1173 3945 1352 4009 futurum

210 4059 409 4133 exactum,
430 4050 502 4116 sive
521 4049 557 4114 id
573 4073 613 4114 ex
630 4049 837 4117 ‘verberarit'
855 4087 893 4096 -
909 4071 993 4138 quae
1008 4049 1080 4135 ipsa
1100 4047 1207 4113 forma
1221 4047 1353 4130 novicia

210 4209 367 4216 ——---·-
379 4210 413 4214 ....

277 4290 298 4356 ¹)
318 4293 354 4342 of.
368 4291 497 4344 Struvius
515 4291 549 4343 de
567 4291 636 4344 decl.
657 4297 685 4344 et
697 4293 767 4347 coni.
785 4259 812 4363 p.
827 4293 884 4348 146.
909 4291 941 4353 G.
956 4291 1067 4346 Curtius
1086 4291 1119 4343 dc
1137 4293 1221 4356 temp.
1241 4292 1269 4340 et
1280 4289 1350 4342 mod.

209 4393 236 4448 p.
254 4378 313 4432 262.
341 4378 465 4448 Boppius
485 4378 531 4430 Gr.
552 4393 575 4430 c.
595 4379 610 4440 5
628 4379 685 4430 690.
