3282 4992
322 361 365 426 20
679 350 686 359 “
751 375 864 426 cnrvr
885 377 1033 426 Purnvn.

321 534 383 598 bus
398 531 481 598 nihil
495 530 559 596 nisi
579 530 765 616 fragmenta
779 530 879 596 exilia
893 531 983 618 apud
997 539 1125 596 veteres
1141 539 1306 612 auctores,
1327 531 1469 597 maxime

322 635 569 719 grammaticos,
584 634 755 700 recondita
770 634 1002 722 comparuisse.

405 735 475 802 Iam
497 736 552 824 qui
572 737 650 802 inde
666 732 819 804 alitteris
840 736 1090 802 renascentibus
1105 733 1176 800 XII
1191 735 1379 802 tabularum
1392 734 1467 800 reli-

320 840 407 931 quiis
429 837 622 925 colligendis
644 838 857 928 disponendis
878 836 1090 904 restituendis
1107 859 1241 926 operam
1257 838 1352 902 enixe
1369 837 1466 902 dede-

321 952 398 1008 runt
418 951 452 1008 et
471 941 683 1008 iureconsulti
704 952 736 1008 et
757 943 1021 1027 grammatici—
1035 940 1222 1006 ac‘videtur
1243 963 1321 1006 sane
1336 942 1371 1005 in
1386 939 1466 1005 deli-

319 1045 379 1109 ciis
397 1044 507 1109 studii
531 1055 645 1109 recens
675 1045 811 1111 excitati
837 1043 893 1109 diu
916 1044 1020 1108 fuisse
1045 1043 1162 1108 borum
1183 1053 1466 1110 monumentorum

318 1147 473 1214 uacatio
488 1149 580 1211 -in
596 1149 642 1213 eis
659 1145 889 1212 enumerandis
905 1169 946 1211 ne
962 1147 1053 1231 longi
1069 1145 1186 1229 simus,
1209 1146 1291 1210 facit
1308 1156 1466 1232 pergrata

319 1248 417 1314 nobis
439 1257 473 1314 et
491 1248 589 1335 plane
609 1247 815 1316 admirabilis
836 1240 877 1312 H.
894 1249 934 1312 E.
947 1249 1112 1314 'Dirkseni
1134 1247 1306 1334 diligentia
1325 1258 1358 1313 et
1372 1271 1466 1314 accu-

318 1353 421 1434 ratio,
437 1353 492 1438 qui
507 1353 542 1415 in
556 1351 640 1418 libro
658 1372 795 1438 operoso
811 1350 1019 1417 ‘Uebersioht
1030 1351 1089 1415 der
1099 1350 1465 1436 bisherigenVersuche

318 1477 378 1518 zur
397 1455 510 1522 Kritik
539 1453 607 1518 und
633 1454 848 1538 Heratellung
873 1454 930 1518 des
952 1454 1074 1518 Textes
1102 1452 1161 1517 der
1186 1452 1466 1538 Zwblftafelfrag-
1504 1496 1508 1499 -

318 1567 450 1623 mente.'
473 1557 565 1644 Lips.
584 1555 666 1620 1824
685 1557 771 1621 hano
785 1577 853 1620 rem
868 1554 961 1620 faece
976 1565 1071 1620 tenus
1087 1556 1251 1622 exhausit.
1282 1555 1383 1620 Cuius
1399 1579 1468 1638 non

318 1660 487 1724 minimum
502 1659 699 1726 beneficium
714 1663 775 1723 hoc
790 1657 855 1722 fuit
862 1706 871 1741 ,
888 1657 1058 1743 quodiam
1073 1656 1150 1724 licet
1164 1682 1239 1724 cum
1255 1680 1382 1723 summa
1392 1680 1466 1723 con·

310 1761 456 1840 ,fidentia
471 1760 626 1849 pleraque
648 1784 692 1827 ex
704 1761 769 1826 illis
785 1759 882 1848 plane
896 1761 997 1824 missa
1012 1760 1121 1826 facere
1136 1761 1218 1826 nulli
1234 1760 1374 1848 amplius
1390 1761 1465 1824 usui

318 1863 450 1947 futura,
472 1874 571 1950 atque
586 1864 688 1928 tutius
705 1863 748 1928 ad
763 1863 853 1952 ipsos
868 1863 975 1928 fontes
992 1863 1196 1950 incorruptos
1212 1864 1344 1930 reverti.
1376 1863 1465 1928 Nam

317 1987 360 2030 ex
374 1964 447 2051 plus
463 1966 684 2052 quadraginta
699 1965 876 2034 editoribus
894 1965 1011 2052 qui-bus
1027 1965 1215 2030 Dirksenus
1231 1988 1310 2030 usus
1323 1973 1374 2030 est
1386 1987 1464 2052 paun

313 2068 441 2132 cissimi
457 2089 535 2132 sane
551 2071 656 2134 bonae
671 2069 776 2154 frugis
792 2067 970 2155 quidquam
983 2067 1017 2131 in
1030 2068 1139 2160 legem
1151 2069 1372 2136 contulerunt:
1389 2089 1465 2132 oum

317 2173 386 2236 fere
407 2194 521 2237 omnes
544 2171 656 2237 otiosis
677 2170 879 2258 ludicrisque
896 2170 1044 2237 artificiis
1061 2171 1156 2236 unice
1171 2168 1385 2235 indulserint:
1408 2170 1466 2235 Ni-

316 2275 436 2339 mirum
464 2274 501 2338 in
529 2273 741 2339 restituenda
761 2272 834 2359 lege
858 2275 965 2359 magis
991 2296 1091 2361 quam
1114 2274 1149 2338 in
1176 2271 1407 2338 constituenda
1431 2282 1465 2337 et

317 2373 390 2441 ICti
405 2385 437 2440 et
451 2375 655 2461 grammatici
670 2367 729 2440 suo
746 2377 884 2461 quisque
899 2399 988 2440 more
1004 2399 1064 2463 pro
1077 2377 1210 2445 diversa
1221 2374 1324 2439 studii
1335 2375 1466 2440 ratione

316 2478 535 2543 versabantur
549 2477 596 2542 ita
610 2478 742 2564 quidem
751 2524 761 2559 ,
781 2477 944 2543 ut'verbis
960 2476 1042 2563 legis
1057 2477 1123 2560 illi3
1139 2477 1174 2542 hi
1188 2478 1332 2564 antiquis
1347 2476 1466 2545 formis

315 2578 477 2644 restitutis
504 2581 648 2647 maxime
675 2578 955 2666 delectarentur.¹)
993 2580 1133 2647 Accedit
1159 2580 1247 2667 quod
1273 2580 1465 2667 plerumque
1522 2570 1530 2581 ¹

315 2680 405 2746 nullo
428 2681 616 2747 discrimine
631 2682 729 2746 etiam
745 2703 879 2767 prorsus
896 2681 1004 2748 aliena
1019 2682 1083 2766 legi
1096 2681 1274 2748 obtrudere
1289 2683 1361 2747 ausi
1377 2691 1465 2751 sunt.
1482 2669 1483 2672 ¹

318 2785 436 2871 ltaque
452 2783 505 2867 fit,
522 2793 559 2850 ut
574 2806 615 2848 ex
629 2785 692 2848 hac
707 2783 914 2848 multitudine
929 2783 1048 2871 quibus
1063 2785 1188 2870 proprii
1203 2785 1313 2851 meriti
1327 2783 1399 2849 lans
1410 2785 1465 2849 de-

247 2954 249 2960 ,
315 2885 446 2969 beatur,
469 2895 625 2972 quattuor
645 2894 772 2951 tantum
793 2885 1070 2950 commemorandi
1091 2887 1372 2974 sintFranciscus
1388 2885 1464 2951 Bal-

316 2987 434 3052 duinus
459 2987 567 3074 (1550.
592 2988 705 3074 1557),
732 2989 812 3054 Ant.
835 2988 970 3054 (dontius
998 2988 1245 3077 (15551572),
1272 2990 1388 3054 Franc.
1409 2989 1463 3054 Pi-

317 3091 433 3156 thoeus
451 3090 576 3176 (1586),
592 3089 733 3158 Iacobus
748 3087 973 3156 Gothofredus
990 3089 1099 3174 (1616.
1118 3090 1251 3179 1653).²)

400 3191 524 3259 Contra
544 3192 640 3279 longe
660 3193 822 3278 gravioris
848 3196 1004 3260 momenti
1026 3214 1065 3256 ea
1080 3203 1157 3258 sunt
1171 3216 1255 3281 quae
1271 3193 1461 3259 criticorum

248 3331 249 3336 κ
315 3294 439 3360 saeculi
455 3296 542 3362 sexti
558 3305 591 3360 et
607 3297 739 3382 septimi
754 3296 872 3360 decimi
887 3297 1019 3380 ingenia
1031 3285 1275 3382 opportunitate
1287 3295 1400 3362 oblata
1410 3295 1464 3361 vel

316 3397 523 3462 observando
539 3397 592 3464 vel
608 3397 809 3466 emendando
825 3398 860 3461 in
875 3395 947 3462 XII
961 3395 1081 3463 tabulis
1096 3397 1319 3484 profecerunt3
1337 3421 1379 3464 ex
1394 3401 1462 3484 qui-

314 3497 375 3563 bus
397 3509 528 3585 praeter
550 3511 675 3566 ceteros
699 3500 843 3565 eminent
859 3497 926 3564 Iac.
942 3498 1095 3566 Cuiacius
1116 3501 1209 3567 ICtus
1225 3501 1350 3589 pariter
1364 3510 1463 3587 atque

314 3598 498 3686 philologus
518 3601 658 3688 insignis
681 3603 800 3690 quique
821 3625 895 3669 eum
910 3602 993 3670 adeo
1009 3604 1179 3689 superavit
1199 3601 1348 3683 acumine
1363 3613 1462 3689 atque

315 3701 441 3794 ingenii
461 3701 619 3770 felicitate
640 3704 668 3770 Ι.
684 3707 712 3770 Ι.
728 3697 925 3791 Scaliger³);
952 3705 1112 3772 accedunt
1128 3707 1320 3788 Turnebus,
1346 3705 1461 3772 Manu-

313 3853 516 3864 ————--.--—.

382 3924 403 3994 1)
421 3929 464 3979 Ex
482 3928 572 3981 altero
590 3945 702 3982 numero
720 3929 841 3982 maxime
860 3935 924 3983 sunt
941 3929 1191 3982 Fulvins‘Ursinus
1209 3931 1238 3982 in
1250 3930 1330 3982 Notis
1349 3929 1384 3982 ad
1395 3929 1459 3982 Ant.

313 4014 464 4081 Augustini
482 4015 515 4066 de
533 4013 644 4082 legibus
664 4020 692 4068 et
703 4014 779 4067 lctis
798 4015 907 4068 librum.
926 4016 1032 4067 Romae
1046 4017 1122 4080 15833
1143 4016 1248 4068 Paulus
1255 4015 1367 4067 ‘Merula
1380 4015 1460 4080 (mor-
1527 4023 1538 4036 “

312 4103 376 4150 tuus
396 4099 473 4167 1007)
497 4100 530 4151 de
553 4100 609 4166 leg.
627 4100 704 4154 Rom.
728 4091 751 4156 c.
770 4103 864 4152 8——23
886 4102 916 4152 in
934 4103 1004 4170 Opp.
1028 4107 1145 4167 postnm.
1170 4101 1212 4156 ed.
1237 4102 1317 4165 16843
1339 4101 1459 4166 denique

312 4183 445 4237 Nicolans
462 4187 603 4238 Funccius
621 4186 714 4252 Leges
731 4185 785 4237 XII
808 4187 967 4238 tabularum
989 4190 1048 4238 suis
1066 4191 1202 4253 quotquot
1223 4186 1340 4254 reperiri
1362 4189 1459 4252 potue·

311 4273 376 4320 runt
394 4271 559 4337 fragmentis
577 4271 731 4325 restitutae.
750 4272 855 4324 Rintel.
874 4275 949 4328 1744.
1086 4335 1089 4340 Ι
1425 4285 1427 4290 ·

291 4343 292 4348 ’
379 4353 400 4418 ²)
421 4357 456 4410 cf.
474 4356 631 4409 Dirksenus
651 4357 668 4410 1.
688 4357 706 4410 1.
728 4373 754 4423 p.
773 4361 815 4414 ar.
834 4360 876 4411 4ο.
896 4361 998 4412 1111.

379 4437 401 4503 ³)
420 4438 505 4494 Cuius
528 4443 708 4495 memorabile
734 4448 777 4495 est
799 4443 903 4494 dietum
925 4445 955 4492 in
979 4443 1199 4510 ‘Scaligeranis’
1223 4443 1237 4494 1
1260 4459 1286 4497 v.
1311 4441 1456 4508 Oniacius:
