<?xml version="1.0" encoding="UTF-8"?>
<!DOCTYPE html PUBLIC "-//W3C//DTD XHTML 1.0 Transitional//EN"
    "http://www.w3.org/TR/xhtml1/DTD/xhtml1-transitional.dtd">
<html xmlns="http://www.w3.org/1999/xhtml" xml:lang="en" lang="en">
 <head>
  <title>
</title>
<meta http-equiv="Content-Type" content="text/html;charset=utf-8" />
  <meta name='ocr-system' content='tesseract 3.04.00' />
  <meta name='ocr-capabilities' content='ocr_page ocr_carea ocr_par ocr_line ocrx_word'/>
</head>
<body>
  <div class='ocr_page' id='page_1' title='image "./legisdvodecimta02schgoog/legisdvodecimta02schgoog_0177.png"; bbox 0 0 3282 4970; ppageno 0'>
   <div class='ocr_carea' id='block_1_1' title="bbox 294 199 978 268">
    <p class='ocr_par' dir='ltr' id='par_1_1' title="bbox 294 199 978 268">
     <span class='ocr_line' id='line_1_1' title="bbox 294 199 978 268; baseline -0.007 0"><span class='ocrx_word' id='word_1_1' title='bbox 294 199 355 268; x_wconf 84' lang='grc'><strong>160</strong></span> <span class='ocrx_word' id='word_1_2' title='bbox 753 211 892 264; x_wconf 73' lang='lat' dir='ltr'><strong>slavus</strong></span> <span class='ocrx_word' id='word_1_3' title='bbox 914 210 978 264; x_wconf 80' lang='lat' dir='ltr'><strong>sn.</strong></span> 
     </span>
    </p>
   </div>
   <div class='ocr_carea' id='block_1_2' title="bbox 292 341 1614 764">
    <p class='ocr_par' dir='ltr' id='par_1_2' title="bbox 292 341 1614 764">
     <span class='ocr_line' id='line_1_2' title="bbox 292 341 1614 459; baseline 0 -23"><span class='ocrx_word' id='word_1_4' title='bbox 292 341 424 437; x_wconf 66' lang='lat' dir='ltr'><strong>emis&#39;set</strong></span> <span class='ocrx_word' id='word_1_5' title='bbox 445 393 505 436; x_wconf 92' lang='lat' dir='ltr'><strong>nec</strong></span> <span class='ocrx_word' id='word_1_6' title='bbox 526 369 666 456; x_wconf 87' lang='lat' dir='ltr'><strong>pretinm</strong></span> <span class='ocrx_word' id='word_1_7' title='bbox 688 370 856 452; x_wconf 77' lang='lat' dir='ltr'><strong>redderet3</strong></span> <span class='ocrx_word' id='word_1_8' title='bbox 885 369 962 434; x_wconf 89' lang='lat' dir='ltr'><strong>item</strong></span> <span class='ocrx_word' id='word_1_9' title='bbox 991 368 1151 435; x_wconf 89' lang='lat' dir='ltr'><strong>aduersus</strong></span> <span class='ocrx_word' id='word_1_10' title='bbox 1175 390 1248 434; x_wconf 89' lang='lat' dir='ltr'><strong>eum</strong></span> <span class='ocrx_word' id='word_1_11' title='bbox 1271 367 1327 459; x_wconf 93' lang='lat' dir='ltr'><strong>qui</strong></span> <span class='ocrx_word' id='word_1_12' title='bbox 1354 389 1439 436; x_wconf 86' lang='lat' dir='ltr'><strong>mer·</strong></span> <span class='ocrx_word' id='word_1_13' title='bbox 1613 407 1614 452; x_wconf 45' lang='lat' dir='ltr'><strong>q</strong></span> 
     </span>
     <span class='ocr_line' id='line_1_3' title="bbox 293 459 1614 559; baseline -0.001 -20"><span class='ocrx_word' id='word_1_14' title='bbox 293 475 405 539; x_wconf 89' lang='lat' dir='ltr'><strong>cedem</strong></span> <span class='ocrx_word' id='word_1_15' title='bbox 427 494 493 538; x_wconf 90' lang='lat' dir='ltr'><strong>non</strong></span> <span class='ocrx_word' id='word_1_16' title='bbox 515 472 669 538; x_wconf 87' lang='lat' dir='ltr'><strong>redderet</strong></span> <span class='ocrx_word' id='word_1_17' title='bbox 691 493 750 558; x_wconf 88' lang='lat' dir='ltr'><strong>pro</strong></span> <span class='ocrx_word' id='word_1_18' title='bbox 773 494 810 537; x_wconf 87' lang='lat' dir='ltr'><strong>co</strong></span> <span class='ocrx_word' id='word_1_19' title='bbox 833 471 978 535; x_wconf 90' lang='lat' dir='ltr'><strong>iumento</strong></span> <span class='ocrx_word' id='word_1_20' title='bbox 1002 471 1089 557; x_wconf 93' lang='lat' dir='ltr'><strong>quod</strong></span> <span class='ocrx_word' id='word_1_21' title='bbox 1103 473 1176 559; x_wconf 85' lang='lat' dir='ltr'><strong>quis</strong></span> <span class='ocrx_word' id='word_1_22' title='bbox 1193 473 1266 537; x_wconf 91' lang='lat' dir='ltr'><strong>ideo</strong></span> <span class='ocrx_word' id='word_1_23' title='bbox 1282 472 1438 556; x_wconf 80' lang='lat' dir='ltr'><strong>locasset,</strong></span> <span class='ocrx_word' id='word_1_24' title='bbox 1512 459 1514 462; x_wconf 38' lang='lat'>.</span> <span class='ocrx_word' id='word_1_25' title='bbox 1613 473 1614 488; x_wconf 60' lang='lat'>¹</span> 
     </span>
     <span class='ocr_line' id='line_1_4' title="bbox 292 555 1438 661; baseline -0.001 -21"><span class='ocrx_word' id='word_1_26' title='bbox 292 587 329 642; x_wconf 91' lang='lat' dir='ltr'><strong>ut</strong></span> <span class='ocrx_word' id='word_1_27' title='bbox 351 555 428 640; x_wconf 89' lang='lat' dir='ltr'><strong>inde</strong></span> <span class='ocrx_word' id='word_1_28' title='bbox 449 575 622 661; x_wconf 83' lang='lat' dir='ltr'><strong>pecuniam</strong></span> <span class='ocrx_word' id='word_1_29' title='bbox 646 573 816 660; x_wconf 74' lang='lat' dir='ltr'><strong>acceptam</strong></span> <span class='ocrx_word' id='word_1_30' title='bbox 837 575 872 638; x_wconf 90' lang='lat' dir='ltr'><strong>in</strong></span> <span class='ocrx_word' id='word_1_31' title='bbox 897 572 1030 658; x_wconf 82' lang='lat' dir='ltr'>dapem,</span> <span class='ocrx_word' id='word_1_32' title='bbox 1055 573 1091 637; x_wconf 94' lang='lat' dir='ltr'><strong>id</strong></span> <span class='ocrx_word' id='word_1_33' title='bbox 1113 573 1218 638; x_wconf 91' lang='lat' dir='ltr'><strong>estin</strong></span> <span class='ocrx_word' id='word_1_34' title='bbox 1241 574 1438 639; x_wconf 88' lang='lat' dir='ltr'><strong>sacrificium</strong></span> 
     </span>
     <span class='ocr_line' id='line_1_5' title="bbox 292 676 508 764; baseline 0.005 -24"><span class='ocrx_word' id='word_1_35' title='bbox 292 676 508 764; x_wconf 90' lang='lat' dir='ltr'><strong>inpenderet.&#39;</strong></span> 
     </span>
    </p>
   </div>
   <div class='ocr_carea' id='block_1_3' title="bbox 293 893 1441 1573">
    <p class='ocr_par' dir='ltr' id='par_1_3' title="bbox 380 893 1197 952">
     <span class='ocr_line' id='line_1_6' title="bbox 380 893 1197 952; baseline -0.004 -7"><span class='ocrx_word' id='word_1_36' title='bbox 380 897 411 945; x_wconf 85' lang='lat' dir='ltr'><strong>sl</strong></span> <span class='ocrx_word' id='word_1_37' title='bbox 434 897 563 947; x_wconf 73' lang='lat' dir='ltr'><strong>snavvs</strong></span> <span class='ocrx_word' id='word_1_38' title='bbox 587 897 729 952; x_wconf 75' lang='lat' dir='ltr'><strong>rvsTvM</strong></span> <span class='ocrx_word' id='word_1_39' title='bbox 751 895 858 942; x_wconf 74' lang='lat' dir='ltr'><strong>ssxm</strong></span> <span class='ocrx_word' id='word_1_40' title='bbox 880 893 1065 942; x_wconf 77' lang='lat' dir='ltr'><strong>Noxmnvs:</strong></span> <span class='ocrx_word' id='word_1_41' title='bbox 1087 895 1197 943; x_wconf 76' lang='lat' dir='ltr'><strong>Nom</strong></span> 
     </span>
    </p>

    <p class='ocr_par' dir='ltr' id='par_1_4' title="bbox 293 976 1441 1573">
     <span class='ocr_line' id='line_1_7' title="bbox 378 976 1438 1067; baseline -0.001 -19"><span class='ocrx_word' id='word_1_42' title='bbox 378 976 482 1048; x_wconf 82' lang='lat' dir='ltr'><strong>Gaius</strong></span> <span class='ocrx_word' id='word_1_43' title='bbox 505 982 586 1046; x_wconf 83' lang='lat' dir='ltr'><strong>Inst.</strong></span> <span class='ocrx_word' id='word_1_44' title='bbox 610 981 660 1046; x_wconf 88' lang='lat' dir='ltr'><strong>IV</strong></span> <span class='ocrx_word' id='word_1_45' title='bbox 684 980 724 1046; x_wconf 81' lang='lat'><strong>75</strong></span> <span class='ocrx_word' id='word_1_46' title='bbox 746 1004 795 1067; x_wconf 88' lang='lat' dir='ltr'><strong>sq.</strong></span> <span class='ocrx_word' id='word_1_47' title='bbox 818 978 877 1067; x_wconf 91' lang='lat' dir='ltr'><strong>(id.</strong></span> <span class='ocrx_word' id='word_1_48' title='bbox 901 980 983 1044; x_wconf 91' lang='lat' dir='ltr'><strong>Inst.</strong></span> <span class='ocrx_word' id='word_1_49' title='bbox 1005 981 1038 1061; x_wconf 86' lang='lat'><strong>4,</strong></span> <span class='ocrx_word' id='word_1_50' title='bbox 1060 980 1080 1043; x_wconf 88' lang='lat'>8</span> <span class='ocrx_word' id='word_1_51' title='bbox 1103 1002 1151 1065; x_wconf 88' lang='lat' dir='ltr'><strong>pr.</strong></span> <span class='ocrx_word' id='word_1_52' title='bbox 1174 981 1251 1066; x_wconf 65' lang='lat'><strong>54)</strong></span> <span class='ocrx_word' id='word_1_53' title='bbox 1276 981 1349 1046; x_wconf 76' lang='lat' dir='ltr'><strong>‘Ex</strong></span> <span class='ocrx_word' id='word_1_54' title='bbox 1370 1005 1438 1047; x_wconf 89' lang='lat' dir='ltr'><strong>ma-</strong></span> 
     </span>
     <span class='ocr_line' id='line_1_8' title="bbox 294 1081 1439 1162; baseline 0 -14"><span class='ocrx_word' id='word_1_55' title='bbox 294 1084 408 1149; x_wconf 88' lang='lat' dir='ltr'><strong>leficiis</strong></span> <span class='ocrx_word' id='word_1_56' title='bbox 435 1083 577 1149; x_wconf 87' lang='lat' dir='ltr'><strong>filiorum</strong></span> <span class='ocrx_word' id='word_1_57' title='bbox 605 1082 747 1148; x_wconf 80' lang='lat' dir='ltr'><strong>familias</strong></span> <span class='ocrx_word' id='word_1_58' title='bbox 771 1103 997 1162; x_wconf 87' lang='lat' dir='ltr'><strong>seruorumue,</strong></span> <span class='ocrx_word' id='word_1_59' title='bbox 1026 1081 1129 1146; x_wconf 91' lang='lat' dir='ltr'><strong>ueluti</strong></span> <span class='ocrx_word' id='word_1_60' title='bbox 1157 1083 1186 1146; x_wconf 88' lang='lat' dir='ltr'><strong>si</strong></span> <span class='ocrx_word' id='word_1_61' title='bbox 1207 1081 1333 1148; x_wconf 86' lang='lat' dir='ltr'><strong>furtum</strong></span> <span class='ocrx_word' id='word_1_62' title='bbox 1355 1085 1439 1148; x_wconf 85' lang='lat' dir='ltr'><strong>lece-</strong></span> 
     </span>
     <span class='ocr_line' id='line_1_9' title="bbox 293 1181 1439 1270; baseline 0.001 -21"><span class='ocrx_word' id='word_1_63' title='bbox 293 1187 361 1251; x_wconf 87' lang='lat' dir='ltr'><strong>rint</strong></span> <span class='ocrx_word' id='word_1_64' title='bbox 393 1195 450 1250; x_wconf 91' lang='lat' dir='ltr'><strong>aut</strong></span> <span class='ocrx_word' id='word_1_65' title='bbox 479 1185 632 1248; x_wconf 90' lang='lat' dir='ltr'><strong>iniuriam</strong></span> <span class='ocrx_word' id='word_1_66' title='bbox 665 1185 904 1264; x_wconf 77' lang='lat' dir='ltr'><strong>commiserint,</strong></span> <span class='ocrx_word' id='word_1_67' title='bbox 937 1181 1072 1247; x_wconf 85' lang='lat' dir='ltr'><strong>noxales</strong></span> <span class='ocrx_word' id='word_1_68' title='bbox 1106 1183 1250 1249; x_wconf 81' lang='lat' dir='ltr'><strong>actiones</strong></span> <span class='ocrx_word' id='word_1_69' title='bbox 1284 1185 1439 1270; x_wconf 89' lang='lat' dir='ltr'><strong>proditae</strong></span> 
     </span>
     <span class='ocr_line' id='line_1_10' title="bbox 295 1283 1440 1372; baseline -0.001 -20"><span class='ocrx_word' id='word_1_70' title='bbox 295 1296 385 1368; x_wconf 89' lang='lat' dir='ltr'><strong>sunt,</strong></span> <span class='ocrx_word' id='word_1_71' title='bbox 419 1287 468 1351; x_wconf 87' lang='lat' dir='ltr'><strong>uti</strong></span> <span class='ocrx_word' id='word_1_72' title='bbox 500 1284 615 1350; x_wconf 87' lang='lat' dir='ltr'><strong>liceret</strong></span> <span class='ocrx_word' id='word_1_73' title='bbox 647 1286 733 1372; x_wconf 88' lang='lat' dir='ltr'><strong>patri</strong></span> <span class='ocrx_word' id='word_1_74' title='bbox 766 1285 941 1352; x_wconf 91' lang='lat' dir='ltr'><strong>dominoue</strong></span> <span class='ocrx_word' id='word_1_75' title='bbox 979 1292 1036 1348; x_wconf 87' lang='lat' dir='ltr'><strong>aut</strong></span> <span class='ocrx_word' id='word_1_76' title='bbox 1072 1283 1139 1348; x_wconf 86' lang='lat' dir='ltr'><strong>litis</strong></span> <span class='ocrx_word' id='word_1_77' title='bbox 1176 1285 1440 1351; x_wconf 86' lang='lat' dir='ltr'><strong>aestimationem</strong></span> 
     </span>
     <span class='ocr_line' id='line_1_11' title="bbox 295 1383 1439 1453; baseline -0.001 -1"><span class='ocrx_word' id='word_1_78' title='bbox 295 1389 430 1452; x_wconf 85' lang='lat' dir='ltr'><strong>sufferre</strong></span> <span class='ocrx_word' id='word_1_79' title='bbox 445 1398 503 1453; x_wconf 87' lang='lat' dir='ltr'><strong>aut</strong></span> <span class='ocrx_word' id='word_1_80' title='bbox 523 1410 649 1453; x_wconf 86' lang='lat' dir='ltr'><strong>noxae</strong></span> <span class='ocrx_word' id='word_1_81' title='bbox 671 1386 819 1452; x_wconf 88' lang='lat' dir='ltr'><strong>dedere</strong></span> <span class='ocrx_word' id='word_1_82' title='bbox 837 1435 844 1450; x_wconf 96' lang='lat'>.</span> <span class='ocrx_word' id='word_1_83' title='bbox 862 1434 870 1450; x_wconf 90' lang='lat'>.</span> <span class='ocrx_word' id='word_1_84' title='bbox 888 1436 894 1450; x_wconf 93' lang='lat'>.</span> <span class='ocrx_word' id='word_1_85' title='bbox 940 1383 1145 1451; x_wconf 81' lang='lat' dir='ltr'><strong>Constitutae</strong></span> <span class='ocrx_word' id='word_1_86' title='bbox 1167 1395 1244 1450; x_wconf 89' lang='lat' dir='ltr'><strong>sunt</strong></span> <span class='ocrx_word' id='word_1_87' title='bbox 1259 1395 1367 1451; x_wconf 87' lang='lat' dir='ltr'><strong>autem</strong></span> <span class='ocrx_word' id='word_1_88' title='bbox 1382 1409 1439 1452; x_wconf 90' lang='lat' dir='ltr'><strong>no-</strong></span> 
     </span>
     <span class='ocr_line' id='line_1_12' title="bbox 294 1485 1441 1573; baseline 0 -19"><span class='ocrx_word' id='word_1_89' title='bbox 294 1489 386 1554; x_wconf 85' lang='lat' dir='ltr'><strong>xales</strong></span> <span class='ocrx_word' id='word_1_90' title='bbox 417 1489 560 1555; x_wconf 87' lang='lat' dir='ltr'><strong>actiones</strong></span> <span class='ocrx_word' id='word_1_91' title='bbox 593 1499 650 1554; x_wconf 90' lang='lat' dir='ltr'><strong>aut</strong></span> <span class='ocrx_word' id='word_1_92' title='bbox 676 1487 805 1573; x_wconf 83' lang='lat' dir='ltr'><strong>legibus</strong></span> <span class='ocrx_word' id='word_1_93' title='bbox 834 1498 891 1553; x_wconf 91' lang='lat' dir='ltr'><strong>aut</strong></span> <span class='ocrx_word' id='word_1_94' title='bbox 913 1488 1036 1570; x_wconf 81' lang='lat' dir='ltr'><strong>edict03</strong></span> <span class='ocrx_word' id='word_1_95' title='bbox 1063 1485 1210 1572; x_wconf 82' lang='lat' dir='ltr'><strong>legibus,</strong></span> <span class='ocrx_word' id='word_1_96' title='bbox 1240 1488 1331 1554; x_wconf 91' lang='lat' dir='ltr'><strong>uelut</strong></span> <span class='ocrx_word' id='word_1_97' title='bbox 1358 1489 1441 1554; x_wconf 86' lang='lat' dir='ltr'><strong>furti</strong></span> 
     </span>
    </p>
   </div>
   <div class='ocr_carea' id='block_1_4' title="bbox 294 1589 1275 1760">
    <p class='ocr_par' dir='ltr' id='par_1_5' title="bbox 294 1589 1275 1760">
     <span class='ocr_line' id='line_1_13' title="bbox 294 1589 827 1676; baseline -0.004 -21"><span class='ocrx_word' id='word_1_98' title='bbox 294 1591 367 1676; x_wconf 86' lang='lat' dir='ltr'><strong>lege</strong></span> <span class='ocrx_word' id='word_1_99' title='bbox 389 1591 460 1655; x_wconf 88' lang='lat' dir='ltr'><strong>XII</strong></span> <span class='ocrx_word' id='word_1_100' title='bbox 482 1589 685 1656; x_wconf 82' lang='lat' dir='ltr'><strong>tabularum&#39;</strong></span> <span class='ocrx_word' id='word_1_101' title='bbox 709 1612 736 1656; x_wconf 91' lang='lat' dir='ltr'><strong>e.</strong></span> <span class='ocrx_word' id='word_1_102' title='bbox 754 1613 783 1676; x_wconf 91' lang='lat' dir='ltr'><strong>q.</strong></span> <span class='ocrx_word' id='word_1_103' title='bbox 800 1613 827 1654; x_wconf 90' lang='lat' dir='ltr'><strong>s.</strong></span> 
     </span>
     <span class='ocr_line' id='line_1_14' title="bbox 1251 1718 1275 1760; baseline 0 0"><span class='ocrx_word' id='word_1_104' title='bbox 1251 1718 1275 1760; x_wconf 74' lang='lat' dir='ltr'><strong>a</strong></span> 
     </span>
    </p>
   </div>
   <div class='ocr_carea' id='block_1_5' title="bbox 234 1818 1489 2407">
    <p class='ocr_par' dir='ltr' id='par_1_6' title="bbox 234 1818 1489 2407">
     <span class='ocr_line' id='line_1_15' title="bbox 295 1818 1440 1899; baseline 0.004 -19"><span class='ocrx_word' id='word_1_105' title='bbox 295 1833 379 1880; x_wconf 87' lang='lat' dir='ltr'><strong>etiam</strong></span> <span class='ocrx_word' id='word_1_106' title='bbox 402 1831 493 1882; x_wconf 89' lang='lat' dir='ltr'><strong>uideri</strong></span> <span class='ocrx_word' id='word_1_107' title='bbox 516 1835 607 1896; x_wconf 89' lang='lat' dir='ltr'><strong>potest</strong></span> <span class='ocrx_word' id='word_1_108' title='bbox 630 1845 725 1880; x_wconf 82' lang='lat' dir='ltr'><strong>uerum</strong></span> <span class='ocrx_word' id='word_1_109' title='bbox 749 1845 809 1882; x_wconf 89' lang='lat' dir='ltr'><strong>esse</strong></span> <span class='ocrx_word' id='word_1_110' title='bbox 829 1830 925 1897; x_wconf 87' lang='lat' dir='ltr'><strong>(quod)</strong></span> <span class='ocrx_word' id='word_1_111' title='bbox 949 1831 1059 1895; x_wconf 88' lang='lat' dir='ltr'><strong>quidam</strong></span> <span class='ocrx_word' id='word_1_112' title='bbox 1081 1835 1182 1897; x_wconf 89' lang='lat' dir='ltr'><strong>putant</strong></span> <span class='ocrx_word' id='word_1_113' title='bbox 1204 1832 1304 1898; x_wconf 82' lang='lat' dir='ltr'><strong>pignus</strong></span> <span class='ocrx_word' id='word_1_114' title='bbox 1328 1818 1440 1899; x_wconf 64' lang='lat' dir='ltr'><strong>prodais</strong></span> 
     </span>
     <span class='ocr_line' id='line_1_16' title="bbox 294 1915 1489 1985; baseline 0.005 -20"><span class='ocrx_word' id='word_1_115' title='bbox 294 1916 335 1966; x_wconf 90' lang='lat' dir='ltr'><strong>rei</strong></span> <span class='ocrx_word' id='word_1_116' title='bbox 353 1916 462 1966; x_wconf 90' lang='lat' dir='ltr'><strong>mobilis</strong></span> <span class='ocrx_word' id='word_1_117' title='bbox 482 1916 637 1966; x_wconf 63' lang='lat' dir='ltr'><strong>constitui)</strong></span> <span class='ocrx_word' id='word_1_118' title='bbox 675 1916 711 1965; x_wconf 86' lang='lat' dir='ltr'><strong>ef.</strong></span> <span class='ocrx_word' id='word_1_119' title='bbox 735 1915 840 1966; x_wconf 90' lang='lat' dir='ltr'><strong>Paulus</strong></span> <span class='ocrx_word' id='word_1_120' title='bbox 859 1931 918 1964; x_wconf 88' lang='lat' dir='ltr'><strong>exc.</strong></span> <span class='ocrx_word' id='word_1_121' title='bbox 937 1929 963 1979; x_wconf 91' lang='lat' dir='ltr'><strong>p.</strong></span> <span class='ocrx_word' id='word_1_122' title='bbox 983 1917 1016 1965; x_wconf 86' lang='grc'><strong>68</strong></span> <span class='ocrx_word' id='word_1_123' title='bbox 1034 1917 1071 1965; x_wconf 88' lang='grc' dir='ltr'><strong>Μ.</strong></span> <span class='ocrx_word' id='word_1_124' title='bbox 1094 1917 1189 1981; x_wconf 76' lang='lat' dir='ltr'><strong>‘Daps</strong></span> <span class='ocrx_word' id='word_1_125' title='bbox 1212 1918 1286 1982; x_wconf 87' lang='lat' dir='ltr'><strong>apud</strong></span> <span class='ocrx_word' id='word_1_126' title='bbox 1310 1921 1441 1985; x_wconf 90' lang='lat' dir='ltr'><strong>antiquos</strong></span> <span class='ocrx_word' id='word_1_127' title='bbox 1485 1963 1489 1971; x_wconf 93' lang='lat'>.</span> 
     </span>
     <span class='ocr_line' id='line_1_17' title="bbox 295 1999 1440 2069; baseline 0.004 -20"><span class='ocrx_word' id='word_1_128' title='bbox 295 2000 442 2050; x_wconf 86' lang='lat' dir='ltr'><strong>dicebatur</strong></span> <span class='ocrx_word' id='word_1_129' title='bbox 459 2016 503 2050; x_wconf 89' lang='lat' dir='ltr'><strong>res</strong></span> <span class='ocrx_word' id='word_1_130' title='bbox 522 2001 618 2050; x_wconf 89' lang='lat' dir='ltr'><strong>diuina</strong></span> <span class='ocrx_word' id='word_1_131' title='bbox 636 2016 705 2064; x_wconf 89' lang='lat' dir='ltr'><strong>qnae</strong></span> <span class='ocrx_word' id='word_1_132' title='bbox 724 1999 810 2049; x_wconf 88' lang='lat' dir='ltr'><strong>fiebat</strong></span> <span class='ocrx_word' id='word_1_133' title='bbox 829 2002 877 2049; x_wconf 87' lang='lat' dir='ltr'><strong>aut</strong></span> <span class='ocrx_word' id='word_1_134' title='bbox 889 1999 1006 2049; x_wconf 87' lang='lat' dir='ltr'><strong>hiberna</strong></span> <span class='ocrx_word' id='word_1_135' title='bbox 1018 2003 1137 2050; x_wconf 88' lang='lat' dir='ltr'><strong>sementi</strong></span> <span class='ocrx_word' id='word_1_136' title='bbox 1155 2007 1203 2051; x_wconf 91' lang='lat' dir='ltr'><strong>ant</strong></span> <span class='ocrx_word' id='word_1_137' title='bbox 1218 2007 1320 2052; x_wconf 87' lang='lat' dir='ltr'><strong>nerna’</strong></span> <span class='ocrx_word' id='word_1_138' title='bbox 1340 2019 1364 2053; x_wconf 89' lang='lat' dir='ltr'><strong>e.</strong></span> <span class='ocrx_word' id='word_1_139' title='bbox 1378 2020 1403 2069; x_wconf 86' lang='lat' dir='ltr'><strong>q.</strong></span> <span class='ocrx_word' id='word_1_140' title='bbox 1417 2020 1440 2054; x_wconf 91' lang='lat' dir='ltr'><strong>s.</strong></span> 
     </span>
     <span class='ocr_line' id='line_1_18' title="bbox 293 2085 1411 2138; baseline 0.001 -3"><span class='ocrx_word' id='word_1_141' title='bbox 293 2085 350 2138; x_wconf 76' lang='lat' dir='ltr'><strong>nid</strong></span> <span class='ocrx_word' id='word_1_142' title='bbox 370 2086 455 2136; x_wconf 89' lang='lat' dir='ltr'><strong>etiam</strong></span> <span class='ocrx_word' id='word_1_143' title='bbox 473 2085 579 2135; x_wconf 82' lang='lat' dir='ltr'>VIIII.</span> <span class='ocrx_word' id='word_1_144' title='bbox 1409 2131 1411 2136; x_wconf 93' lang='lat'>.</span> 
     </span>
     <span class='ocr_line' id='line_1_19' title="bbox 364 2168 1440 2235; baseline 0.004 -15"><span class='ocrx_word' id='word_1_145' title='bbox 364 2173 388 2223; x_wconf 83' lang='lat'><strong>3.</strong></span> <span class='ocrx_word' id='word_1_146' title='bbox 407 2169 544 2235; x_wconf 86' lang='lat' dir='ltr'><strong>leianus</strong></span> <span class='ocrx_word' id='word_1_147' title='bbox 563 2170 582 2221; x_wconf 86' lang='grc' dir='ltr'><strong>Ι.</strong></span> <span class='ocrx_word' id='word_1_148' title='bbox 601 2169 694 2220; x_wconf 90' lang='lat' dir='ltr'>XVIII</span> <span class='ocrx_word' id='word_1_149' title='bbox 712 2168 747 2218; x_wconf 88' lang='lat' dir='ltr'><strong>ad</strong></span> <span class='ocrx_word' id='word_1_150' title='bbox 766 2169 807 2224; x_wconf 87' lang='lat' dir='ltr'><strong>ed.</strong></span> <span class='ocrx_word' id='word_1_151' title='bbox 826 2169 862 2219; x_wconf 89' lang='lat' dir='ltr'><strong>D.</strong></span> <span class='ocrx_word' id='word_1_152' title='bbox 881 2172 906 2231; x_wconf 85' lang='lat'><strong>9,</strong></span> <span class='ocrx_word' id='word_1_153' title='bbox 924 2171 950 2232; x_wconf 85' lang='grc'>4,</span> <span class='ocrx_word' id='word_1_154' title='bbox 970 2171 986 2219; x_wconf 79' lang='lat'><strong>2</strong></span> <span class='ocrx_word' id='word_1_155' title='bbox 1004 2171 1019 2230; x_wconf 67' lang='grc' dir='ltr'>ξ</span> <span class='ocrx_word' id='word_1_156' title='bbox 1039 2172 1052 2218; x_wconf 94' lang='grc'>1</span> <span class='ocrx_word' id='word_1_157' title='bbox 1072 2169 1183 2221; x_wconf 75' lang='lat' dir='ltr'><strong>‘Celsus</strong></span> <span class='ocrx_word' id='word_1_158' title='bbox 1200 2174 1294 2222; x_wconf 83' lang='lat' dir='ltr'><strong>tamen</strong></span> <span class='ocrx_word' id='word_1_159' title='bbox 1313 2172 1440 2227; x_wconf 86' lang='lat' dir='ltr'><strong>differen-</strong></span> 
     </span>
     <span class='ocr_line' id='line_1_20' title="bbox 296 2253 1440 2324; baseline 0.003 -20"><span class='ocrx_word' id='word_1_160' title='bbox 296 2257 364 2304; x_wconf 88' lang='lat' dir='ltr'><strong>tiam</strong></span> <span class='ocrx_word' id='word_1_161' title='bbox 382 2255 453 2304; x_wconf 85' lang='lat' dir='ltr'><strong>facit</strong></span> <span class='ocrx_word' id='word_1_162' title='bbox 471 2255 544 2305; x_wconf 89' lang='lat' dir='ltr'><strong>inter</strong></span> <span class='ocrx_word' id='word_1_163' title='bbox 561 2253 652 2320; x_wconf 83' lang='lat' dir='ltr'><strong>legem</strong></span> <span class='ocrx_word' id='word_1_164' title='bbox 670 2254 811 2318; x_wconf 88' lang='lat' dir='ltr'><strong>Aquiliam</strong></span> <span class='ocrx_word' id='word_1_165' title='bbox 831 2259 859 2304; x_wconf 92' lang='lat' dir='ltr'><strong>et</strong></span> <span class='ocrx_word' id='word_1_166' title='bbox 875 2254 966 2320; x_wconf 85' lang='lat' dir='ltr'><strong>legem</strong></span> <span class='ocrx_word' id='word_1_167' title='bbox 985 2253 1038 2305; x_wconf 91' lang='lat' dir='ltr'><strong>XII</strong></span> <span class='ocrx_word' id='word_1_168' title='bbox 1056 2255 1222 2307; x_wconf 85' lang='lat' dir='ltr'><strong>tabularum.</strong></span> <span class='ocrx_word' id='word_1_169' title='bbox 1241 2257 1310 2308; x_wconf 87' lang='lat' dir='ltr'><strong>Nam</strong></span> <span class='ocrx_word' id='word_1_170' title='bbox 1328 2257 1357 2306; x_wconf 91' lang='lat' dir='ltr'><strong>in</strong></span> <span class='ocrx_word' id='word_1_171' title='bbox 1375 2258 1440 2324; x_wconf 85' lang='lat' dir='ltr'><strong>lege</strong></span> 
     </span>
     <span class='ocr_line' id='line_1_21' title="bbox 234 2337 1441 2407; baseline 0.005 -19"><span class='ocrx_word' id='word_1_172' title='bbox 234 2342 236 2344; x_wconf 81' lang='grc'><strong>’</strong></span> <span class='ocrx_word' id='word_1_173' title='bbox 296 2341 411 2404; x_wconf 83' lang='lat' dir='ltr'><strong>antiqua</strong></span> <span class='ocrx_word' id='word_1_174' title='bbox 422 2338 467 2404; x_wconf 87' lang='lat' dir='ltr'><strong>(si)</strong></span> <span class='ocrx_word' id='word_1_175' title='bbox 481 2353 578 2390; x_wconf 88' lang='lat' dir='ltr'><strong>seruus</strong></span> <span class='ocrx_word' id='word_1_176' title='bbox 588 2340 695 2406; x_wconf 77' lang='lat' dir='ltr'><strong>sciente</strong></span> <span class='ocrx_word' id='word_1_177' title='bbox 706 2339 815 2389; x_wconf 91' lang='lat' dir='ltr'><strong>domino</strong></span> <span class='ocrx_word' id='word_1_178' title='bbox 826 2338 926 2388; x_wconf 88' lang='lat' dir='ltr'><strong>furtum</strong></span> <span class='ocrx_word' id='word_1_179' title='bbox 937 2337 1010 2404; x_wconf 76' lang='lat' dir='ltr'><strong>fecit</strong></span> <span class='ocrx_word' id='word_1_180' title='bbox 1020 2339 1066 2389; x_wconf 93' lang='lat' dir='ltr'><strong>uel</strong></span> <span class='ocrx_word' id='word_1_181' title='bbox 1077 2339 1160 2389; x_wconf 88' lang='lat' dir='ltr'><strong>aliam</strong></span> <span class='ocrx_word' id='word_1_182' title='bbox 1171 2356 1268 2391; x_wconf 83' lang='lat' dir='ltr'><strong>noxam</strong></span> <span class='ocrx_word' id='word_1_183' title='bbox 1280 2339 1309 2404; x_wconf 92' lang='lat' dir='ltr'><strong>(l.</strong></span> <span class='ocrx_word' id='word_1_184' title='bbox 1320 2342 1441 2407; x_wconf 86' lang='lat' dir='ltr'><strong>noxiam)</strong></span> 
     </span>
    </p>
   </div>
   <div class='ocr_carea' id='block_1_6' title="bbox 296 2419 1614 2490">
    <p class='ocr_par' dir='ltr' id='par_1_7' title="bbox 296 2419 1614 2490">
     <span class='ocr_line' id='line_1_22' title="bbox 296 2419 1614 2490; baseline 0.003 -17"><span class='ocrx_word' id='word_1_185' title='bbox 296 2425 445 2488; x_wconf 84' lang='lat' dir='ltr'><strong>commisIt‚</strong></span> <span class='ocrx_word' id='word_1_186' title='bbox 458 2425 532 2474; x_wconf 89' lang='lat' dir='ltr'><strong>serni</strong></span> <span class='ocrx_word' id='word_1_187' title='bbox 545 2425 654 2474; x_wconf 90' lang='lat' dir='ltr'><strong>nomine</strong></span> <span class='ocrx_word' id='word_1_188' title='bbox 669 2423 742 2473; x_wconf 87' lang='lat' dir='ltr'><strong>actio</strong></span> <span class='ocrx_word' id='word_1_189' title='bbox 756 2427 799 2473; x_wconf 88' lang='lat' dir='ltr'><strong>est</strong></span> <span class='ocrx_word' id='word_1_190' title='bbox 810 2423 919 2472; x_wconf 83' lang='lat' dir='ltr'><strong>noxalis</strong></span> <span class='ocrx_word' id='word_1_191' title='bbox 932 2439 984 2472; x_wconf 90' lang='lat' dir='ltr'><strong>nec</strong></span> <span class='ocrx_word' id='word_1_192' title='bbox 997 2422 1122 2472; x_wconf 88' lang='lat' dir='ltr'><strong>domiuus</strong></span> <span class='ocrx_word' id='word_1_193' title='bbox 1135 2439 1184 2474; x_wconf 88' lang='lat' dir='ltr'><strong>suo</strong></span> <span class='ocrx_word' id='word_1_194' title='bbox 1197 2425 1307 2475; x_wconf 88' lang='lat' dir='ltr'><strong>nomine</strong></span> <span class='ocrx_word' id='word_1_195' title='bbox 1320 2429 1441 2477; x_wconf 84' lang='lat' dir='ltr'><strong>tenetur.</strong></span> <span class='ocrx_word' id='word_1_196' title='bbox 1541 2419 1544 2422; x_wconf 65' lang='grc'><strong>’</strong></span> <span class='ocrx_word' id='word_1_197' title='bbox 1613 2457 1614 2490; x_wconf 60' lang='grc'>;</span> 
     </span>
    </p>
   </div>
   <div class='ocr_carea' id='block_1_7' title="bbox 294 2507 1490 4012">
    <p class='ocr_par' dir='ltr' id='par_1_8' title="bbox 294 2507 1490 4012">
     <span class='ocr_line' id='line_1_23' title="bbox 295 2507 1441 2574; baseline 0.002 -16"><span class='ocrx_word' id='word_1_198' title='bbox 295 2513 330 2558; x_wconf 82' lang='lat' dir='ltr'><strong>At</strong></span> <span class='ocrx_word' id='word_1_199' title='bbox 357 2509 386 2558; x_wconf 91' lang='lat' dir='ltr'><strong>in</strong></span> <span class='ocrx_word' id='word_1_200' title='bbox 411 2509 475 2574; x_wconf 84' lang='lat' dir='ltr'><strong>lege</strong></span> <span class='ocrx_word' id='word_1_201' title='bbox 495 2508 621 2573; x_wconf 85' lang='lat' dir='ltr'><strong>Aquilia,</strong></span> <span class='ocrx_word' id='word_1_202' title='bbox 644 2507 747 2573; x_wconf 89' lang='lat' dir='ltr'><strong>inquit,</strong></span> <span class='ocrx_word' id='word_1_203' title='bbox 771 2508 897 2558; x_wconf 84' lang='lat' dir='ltr'><strong>domiuus</strong></span> <span class='ocrx_word' id='word_1_204' title='bbox 920 2521 969 2557; x_wconf 88' lang='lat' dir='ltr'><strong>suo</strong></span> <span class='ocrx_word' id='word_1_205' title='bbox 993 2509 1102 2559; x_wconf 90' lang='lat' dir='ltr'><strong>nomine</strong></span> <span class='ocrx_word' id='word_1_206' title='bbox 1126 2511 1248 2571; x_wconf 89' lang='lat' dir='ltr'><strong>tenetur,</strong></span> <span class='ocrx_word' id='word_1_207' title='bbox 1276 2525 1332 2560; x_wconf 89' lang='lat' dir='ltr'><strong>non</strong></span> <span class='ocrx_word' id='word_1_208' title='bbox 1357 2511 1441 2561; x_wconf 86' lang='lat' dir='ltr'><strong>serui.</strong></span> 
     </span>
     <span class='ocr_line' id='line_1_24' title="bbox 294 2590 1441 2659; baseline 0.003 -16"><span class='ocrx_word' id='word_1_209' title='bbox 294 2593 444 2659; x_wconf 86' lang='lat' dir='ltr'><strong>Vtriusque</strong></span> <span class='ocrx_word' id='word_1_210' title='bbox 463 2593 534 2659; x_wconf 86' lang='lat' dir='ltr'><strong>legis</strong></span> <span class='ocrx_word' id='word_1_211' title='bbox 553 2593 643 2644; x_wconf 84' lang='lat' dir='ltr'><strong>reddit</strong></span> <span class='ocrx_word' id='word_1_212' title='bbox 660 2592 810 2643; x_wconf 88' lang='lat' dir='ltr'><strong>rationem:</strong></span> <span class='ocrx_word' id='word_1_213' title='bbox 833 2591 888 2644; x_wconf 92' lang='lat' dir='ltr'><strong>XII</strong></span> <span class='ocrx_word' id='word_1_214' title='bbox 906 2590 1076 2651; x_wconf 89' lang='lat' dir='ltr'><strong>tabularum,</strong></span> <span class='ocrx_word' id='word_1_215' title='bbox 1100 2593 1177 2658; x_wconf 87' lang='lat' dir='ltr'><strong>quasi</strong></span> <span class='ocrx_word' id='word_1_216' title='bbox 1200 2593 1322 2645; x_wconf 90' lang='lat' dir='ltr'><strong>uoluerit</strong></span> <span class='ocrx_word' id='word_1_217' title='bbox 1346 2610 1441 2646; x_wconf 86' lang='lat' dir='ltr'><strong>seruos</strong></span> 
     </span>
     <span class='ocr_line' id='line_1_25' title="bbox 297 2676 1441 2744; baseline 0.003 -17"><span class='ocrx_word' id='word_1_218' title='bbox 297 2678 413 2728; x_wconf 87' lang='lat' dir='ltr'><strong>dominis</strong></span> <span class='ocrx_word' id='word_1_219' title='bbox 431 2679 461 2728; x_wconf 88' lang='lat' dir='ltr'><strong>in</strong></span> <span class='ocrx_word' id='word_1_220' title='bbox 483 2678 535 2728; x_wconf 92' lang='lat' dir='ltr'><strong>hac</strong></span> <span class='ocrx_word' id='word_1_221' title='bbox 558 2695 587 2728; x_wconf 89' lang='lat' dir='ltr'><strong>re</strong></span> <span class='ocrx_word' id='word_1_222' title='bbox 610 2693 665 2727; x_wconf 91' lang='lat' dir='ltr'><strong>non</strong></span> <span class='ocrx_word' id='word_1_223' title='bbox 688 2677 895 2742; x_wconf 87' lang='lat' dir='ltr'><strong>obtemperare;</strong></span> <span class='ocrx_word' id='word_1_224' title='bbox 918 2676 1063 2741; x_wconf 83' lang='lat' dir='ltr'><strong>Aquiliae,</strong></span> <span class='ocrx_word' id='word_1_225' title='bbox 1087 2679 1167 2743; x_wconf 88' lang='lat' dir='ltr'><strong>quasi</strong></span> <span class='ocrx_word' id='word_1_226' title='bbox 1185 2678 1325 2743; x_wconf 84' lang='lat' dir='ltr'><strong>igneuerit</strong></span> <span class='ocrx_word' id='word_1_227' title='bbox 1348 2695 1441 2744; x_wconf 89' lang='lat' dir='ltr'><strong>seruo,</strong></span> 
     </span>
     <span class='ocr_line' id='line_1_26' title="bbox 298 2761 1490 2829; baseline 0.003 -18"><span class='ocrx_word' id='word_1_228' title='bbox 298 2763 346 2826; x_wconf 92' lang='lat' dir='ltr'><strong>qui</strong></span> <span class='ocrx_word' id='word_1_229' title='bbox 364 2763 472 2812; x_wconf 91' lang='lat' dir='ltr'><strong>domino</strong></span> <span class='ocrx_word' id='word_1_230' title='bbox 491 2763 584 2827; x_wconf 85' lang='lat' dir='ltr'><strong>paruit</strong></span> <span class='ocrx_word' id='word_1_231' title='bbox 602 2762 753 2827; x_wconf 86' lang='lat' dir='ltr'><strong>periturus,</strong></span> <span class='ocrx_word' id='word_1_232' title='bbox 773 2762 798 2811; x_wconf 91' lang='lat' dir='ltr'><strong>si</strong></span> <span class='ocrx_word' id='word_1_233' title='bbox 817 2776 872 2811; x_wconf 90' lang='lat' dir='ltr'><strong>non</strong></span> <span class='ocrx_word' id='word_1_234' title='bbox 891 2761 1015 2810; x_wconf 85' lang='lat' dir='ltr'><strong>fecisset.</strong></span> <span class='ocrx_word' id='word_1_235' title='bbox 1051 2761 1105 2816; x_wconf 83' lang='lat' dir='ltr'><strong>Sed</strong></span> <span class='ocrx_word' id='word_1_236' title='bbox 1127 2761 1151 2810; x_wconf 90' lang='lat' dir='ltr'><strong>si</strong></span> <span class='ocrx_word' id='word_1_237' title='bbox 1173 2763 1285 2828; x_wconf 90' lang='lat' dir='ltr'><strong>placeat</strong></span> <span class='ocrx_word' id='word_1_238' title='bbox 1307 2763 1379 2829; x_wconf 87' lang='lat' dir='ltr'><strong>quod</strong></span> <span class='ocrx_word' id='word_1_239' title='bbox 1397 2767 1441 2816; x_wconf 93' lang='lat' dir='ltr'><strong>Iu·</strong></span> <span class='ocrx_word' id='word_1_240' title='bbox 1487 2769 1490 2774; x_wconf 88' lang='lat'>&#39;</span> 
     </span>
     <span class='ocr_line' id='line_1_27' title="bbox 296 2845 1441 2915; baseline 0.003 -19"><span class='ocrx_word' id='word_1_241' title='bbox 296 2847 389 2898; x_wconf 85' lang='lat' dir='ltr'><strong>lienus</strong></span> <span class='ocrx_word' id='word_1_242' title='bbox 407 2847 479 2898; x_wconf 82' lang='lat' dir='ltr'><strong>lIbro</strong></span> <span class='ocrx_word' id='word_1_243' title='bbox 498 2847 639 2897; x_wconf 89' lang='lat' dir='ltr'>LXXXVI</span> <span class='ocrx_word' id='word_1_244' title='bbox 658 2847 756 2896; x_wconf 85' lang='lat' dir='ltr'><strong>scribit</strong></span> <span class='ocrx_word' id='word_1_245' title='bbox 774 2845 819 2896; x_wconf 77' lang='lat' dir='ltr'><strong>‘si</strong></span> <span class='ocrx_word' id='word_1_246' title='bbox 838 2881 974 2897; x_wconf 87' lang='lat'><strong>......</strong></span> <span class='ocrx_word' id='word_1_247' title='bbox 982 2850 990 2876; x_wconf 85' lang='lat'>⁷</span> <span class='ocrx_word' id='word_1_248' title='bbox 1010 2846 1095 2896; x_wconf 89' lang='lat' dir='ltr'><strong>etiam</strong></span> <span class='ocrx_word' id='word_1_249' title='bbox 1122 2845 1156 2894; x_wconf 91' lang='lat' dir='ltr'><strong>ad</strong></span> <span class='ocrx_word' id='word_1_250' title='bbox 1179 2848 1345 2911; x_wconf 81' lang='lat' dir='ltr'><strong>posteriores</strong></span> <span class='ocrx_word' id='word_1_251' title='bbox 1363 2849 1441 2915; x_wconf 82' lang='lat' dir='ltr'><strong>leges</strong></span> 
     </span>
     <span class='ocr_line' id='line_1_28' title="bbox 296 2929 1443 2997; baseline 0 -15"><span class='ocrx_word' id='word_1_252' title='bbox 296 2933 448 2996; x_wconf 86' lang='lat' dir='ltr'><strong>pertinere,</strong></span> <span class='ocrx_word' id='word_1_253' title='bbox 467 2934 570 2997; x_wconf 23' lang='lat' dir='ltr'><strong>ploterIt</strong></span> <span class='ocrx_word' id='word_1_254' title='bbox 588 2931 644 2981; x_wconf 87' lang='lat' dir='ltr'><strong>dici</strong></span> <span class='ocrx_word' id='word_1_255' title='bbox 664 2931 746 2980; x_wconf 89' lang='lat' dir='ltr'><strong>etiam</strong></span> <span class='ocrx_word' id='word_1_256' title='bbox 764 2930 839 2980; x_wconf 89' lang='lat' dir='ltr'><strong>serui</strong></span> <span class='ocrx_word' id='word_1_257' title='bbox 857 2931 965 2980; x_wconf 90' lang='lat' dir='ltr'><strong>nomine</strong></span> <span class='ocrx_word' id='word_1_258' title='bbox 985 2946 1046 2980; x_wconf 86' lang='lat' dir='ltr'><strong>cum</strong></span> <span class='ocrx_word' id='word_1_259' title='bbox 1065 2929 1173 2980; x_wconf 90' lang='lat' dir='ltr'><strong>domino</strong></span> <span class='ocrx_word' id='word_1_260' title='bbox 1191 2932 1239 2997; x_wconf 83' lang='lat' dir='ltr'><strong>agi</strong></span> <span class='ocrx_word' id='word_1_261' title='bbox 1250 2947 1331 2997; x_wconf 86' lang='lat' dir='ltr'><strong>posse</strong></span> <span class='ocrx_word' id='word_1_262' title='bbox 1348 2934 1443 2984; x_wconf 87' lang='lat' dir='ltr'><strong>noxali</strong></span> 
     </span>
     <span class='ocr_line' id='line_1_29' title="bbox 296 3011 1443 3082; baseline 0.003 -18"><span class='ocrx_word' id='word_1_263' title='bbox 296 3015 419 3068; x_wconf 65' lang='lat' dir='ltr'><strong>iudicio)</strong></span> <span class='ocrx_word' id='word_1_264' title='bbox 454 3017 554 3067; x_wconf 86' lang='lat' dir='ltr'><strong>Festus</strong></span> <span class='ocrx_word' id='word_1_265' title='bbox 572 3033 600 3082; x_wconf 88' lang='lat' dir='ltr'><strong>p.</strong></span> <span class='ocrx_word' id='word_1_266' title='bbox 620 3017 669 3066; x_wconf 80' lang='lat'><strong>174</strong></span> <span class='ocrx_word' id='word_1_267' title='bbox 686 3017 723 3065; x_wconf 91' lang='lat' dir='ltr'><strong>M.</strong></span> <span class='ocrx_word' id='word_1_268' title='bbox 743 3012 792 3078; x_wconf 89' lang='lat' dir='ltr'><strong>(cf.</strong></span> <span class='ocrx_word' id='word_1_269' title='bbox 816 3014 930 3080; x_wconf 89' lang='lat' dir='ltr'><strong>Paulus)</strong></span> <span class='ocrx_word' id='word_1_270' title='bbox 956 3011 1095 3079; x_wconf 76' lang='lat' dir='ltr'><strong>‘(Noxia</strong></span> <span class='ocrx_word' id='word_1_271' title='bbox 1117 3016 1146 3062; x_wconf 88' lang='lat' dir='ltr'><strong>in</strong></span> <span class='ocrx_word' id='word_1_272' title='bbox 1163 3013 1228 3080; x_wconf 92' lang='lat' dir='ltr'>XII)</span> <span class='ocrx_word' id='word_1_273' title='bbox 1252 3020 1283 3065; x_wconf 91' lang='lat' dir='ltr'><strong>ut</strong></span> <span class='ocrx_word' id='word_1_274' title='bbox 1305 3017 1362 3069; x_wconf 85' lang='lat' dir='ltr'><strong>Ser.</strong></span> <span class='ocrx_word' id='word_1_275' title='bbox 1382 3018 1443 3068; x_wconf 85' lang='lat' dir='ltr'><strong>Sul-</strong></span> 
     </span>
     <span class='ocr_line' id='line_1_30' title="bbox 296 3091 1442 3166; baseline 0.003 -16"><span class='ocrx_word' id='word_1_276' title='bbox 296 3101 385 3166; x_wconf 88' lang='lat' dir='ltr'><strong>picius</strong></span> <span class='ocrx_word' id='word_1_277' title='bbox 403 3091 503 3164; x_wconf 75' lang='lat' dir='ltr'><strong>Rullus</strong></span> <span class='ocrx_word' id='word_1_278' title='bbox 528 3102 569 3152; x_wconf 93' lang='lat' dir='ltr'><strong>ait</strong></span> <span class='ocrx_word' id='word_1_279' title='bbox 592 3102 719 3151; x_wconf 90' lang='lat' dir='ltr'><strong>damnum</strong></span> <span class='ocrx_word' id='word_1_280' title='bbox 742 3097 910 3164; x_wconf 83' lang='lat' dir='ltr'><strong>significat),</strong></span> <span class='ocrx_word' id='word_1_281' title='bbox 935 3098 1009 3164; x_wconf 83' lang='lat' dir='ltr'><strong>apud</strong></span> <span class='ocrx_word' id='word_1_282' title='bbox 1030 3102 1128 3163; x_wconf 87' lang='lat' dir='ltr'><strong>poetas</strong></span> <span class='ocrx_word' id='word_1_283' title='bbox 1151 3103 1243 3150; x_wconf 86' lang='lat' dir='ltr'><strong>autem</strong></span> <span class='ocrx_word' id='word_1_284' title='bbox 1267 3105 1295 3151; x_wconf 90' lang='lat' dir='ltr'><strong>et</strong></span> <span class='ocrx_word' id='word_1_285' title='bbox 1317 3107 1442 3154; x_wconf 88' lang='lat' dir='ltr'><strong>oratores</strong></span> 
     </span>
     <span class='ocr_line' id='line_1_31' title="bbox 297 3183 1442 3257; baseline 0.001 -21"><span class='ocrx_word' id='word_1_286' title='bbox 297 3187 408 3252; x_wconf 86' lang='lat' dir='ltr'><strong>ponitur</strong></span> <span class='ocrx_word' id='word_1_287' title='bbox 425 3201 474 3252; x_wconf 87' lang='lat' dir='ltr'><strong>pro</strong></span> <span class='ocrx_word' id='word_1_288' title='bbox 494 3187 585 3257; x_wconf 82' lang='lat' dir='ltr'><strong>culpa.</strong></span> <span class='ocrx_word' id='word_1_289' title='bbox 616 3189 646 3235; x_wconf 90' lang='lat' dir='ltr'><strong>at</strong></span> <span class='ocrx_word' id='word_1_290' title='bbox 662 3200 734 3234; x_wconf 86' lang='lat' dir='ltr'><strong>noxa</strong></span> <span class='ocrx_word' id='word_1_291' title='bbox 753 3187 898 3249; x_wconf 86' lang='lat' dir='ltr'><strong>peceatum</strong></span> <span class='ocrx_word' id='word_1_292' title='bbox 918 3188 966 3233; x_wconf 90' lang='lat' dir='ltr'><strong>aut</strong></span> <span class='ocrx_word' id='word_1_293' title='bbox 986 3199 1035 3248; x_wconf 88' lang='lat' dir='ltr'><strong>pro</strong></span> <span class='ocrx_word' id='word_1_294' title='bbox 1057 3183 1174 3248; x_wconf 82' lang='lat' dir='ltr'><strong>peccato</strong></span> <span class='ocrx_word' id='word_1_295' title='bbox 1192 3199 1325 3249; x_wconf 71' lang='lat' dir='ltr'><strong>poenam,</strong></span> <span class='ocrx_word' id='word_1_296' title='bbox 1341 3190 1372 3236; x_wconf 92' lang='lat' dir='ltr'><strong>ut</strong></span> <span class='ocrx_word' id='word_1_297' title='bbox 1388 3187 1442 3237; x_wconf 85' lang='lat' dir='ltr'><strong>Ac-</strong></span> 
     </span>
     <span class='ocr_line' id='line_1_32' title="bbox 297 3267 1440 3332; baseline 0.002 -11"><span class='ocrx_word' id='word_1_298' title='bbox 297 3271 356 3321; x_wconf 86' lang='lat' dir='ltr'><strong>cius</strong></span> <span class='ocrx_word' id='word_1_299' title='bbox 371 3310 376 3322; x_wconf 82' lang='lat'>.</span> <span class='ocrx_word' id='word_1_300' title='bbox 392 3307 418 3322; x_wconf 91' lang='lat'><strong>..</strong></span> <span class='ocrx_word' id='word_1_301' title='bbox 453 3271 525 3320; x_wconf 89' lang='lat' dir='ltr'><strong>Item</strong></span> <span class='ocrx_word' id='word_1_302' title='bbox 544 3286 603 3320; x_wconf 90' lang='lat' dir='ltr'><strong>cum</strong></span> <span class='ocrx_word' id='word_1_303' title='bbox 622 3270 666 3320; x_wconf 83' lang='lat' dir='ltr'><strong>lex</strong></span> <span class='ocrx_word' id='word_1_304' title='bbox 685 3269 762 3318; x_wconf 93' lang='lat' dir='ltr'><strong>iubet</strong></span> <span class='ocrx_word' id='word_1_305' title='bbox 780 3282 887 3318; x_wconf 83' lang='lat' dir='ltr'><strong>noxae</strong></span> <span class='ocrx_word' id='word_1_306' title='bbox 907 3267 1044 3330; x_wconf 87' lang='lat' dir='ltr'><strong>dedere,</strong></span> <span class='ocrx_word' id='word_1_307' title='bbox 1063 3283 1113 3332; x_wconf 90' lang='lat' dir='ltr'><strong>pro</strong></span> <span class='ocrx_word' id='word_1_308' title='bbox 1132 3273 1249 3332; x_wconf 86' lang='lat' dir='ltr'><strong>peccato</strong></span> <span class='ocrx_word' id='word_1_309' title='bbox 1268 3269 1331 3320; x_wconf 89' lang='lat' dir='ltr'><strong>dedi</strong></span> <span class='ocrx_word' id='word_1_310' title='bbox 1344 3271 1440 3326; x_wconf 90' lang='lat' dir='ltr'><strong>iubet.’</strong></span> 
     </span>
     <span class='ocr_line' id='line_1_33' title="bbox 299 3337 1441 3422; baseline 0.001 -16"><span class='ocrx_word' id='word_1_311' title='bbox 299 3356 385 3406; x_wconf 86' lang='lat' dir='ltr'><strong>Gaius</strong></span> <span class='ocrx_word' id='word_1_312' title='bbox 403 3355 422 3408; x_wconf 87' lang='lat'><strong>1.</strong></span> <span class='ocrx_word' id='word_1_313' title='bbox 435 3356 474 3406; x_wconf 94' lang='lat' dir='ltr'><strong>VI</strong></span> <span class='ocrx_word' id='word_1_314' title='bbox 488 3356 522 3405; x_wconf 87' lang='lat' dir='ltr'><strong>ad</strong></span> <span class='ocrx_word' id='word_1_315' title='bbox 541 3356 631 3422; x_wconf 79' lang='lat' dir='ltr'><strong>legem</strong></span> <span class='ocrx_word' id='word_1_316' title='bbox 648 3355 703 3405; x_wconf 87' lang='lat' dir='ltr'><strong>XII</strong></span> <span class='ocrx_word' id='word_1_317' title='bbox 715 3352 880 3404; x_wconf 89' lang='lat' dir='ltr'><strong>tabularum.</strong></span> <span class='ocrx_word' id='word_1_318' title='bbox 900 3355 933 3404; x_wconf 92' lang='lat' dir='ltr'><strong>D.</strong></span> <span class='ocrx_word' id='word_1_319' title='bbox 947 3356 988 3416; x_wconf 87' lang='lat'><strong>50,</strong></span> <span class='ocrx_word' id='word_1_320' title='bbox 1001 3355 1045 3416; x_wconf 83' lang='grc'>16,</span> <span class='ocrx_word' id='word_1_321' title='bbox 1058 3355 1108 3404; x_wconf 82' lang='lat'><strong>238</strong></span> <span class='ocrx_word' id='word_1_322' title='bbox 1121 3353 1135 3414; x_wconf 67' lang='grc' dir='ltr'><strong>ἕ</strong></span> <span class='ocrx_word' id='word_1_323' title='bbox 1148 3357 1164 3404; x_wconf 92' lang='grc'>3</span> <span class='ocrx_word' id='word_1_324' title='bbox 1184 3353 1327 3406; x_wconf 77' lang='lat' dir='ltr'><strong>‘Naxiae</strong></span> <span class='ocrx_word' id='word_1_325' title='bbox 1346 3337 1441 3422; x_wconf 71' lang='lat' dir='ltr'><strong>apfsel·</strong></span> 
     </span>
     <span class='ocr_line' id='line_1_34' title="bbox 298 3436 1442 3505; baseline 0.001 -14"><span class='ocrx_word' id='word_1_326' title='bbox 298 3442 402 3492; x_wconf 89' lang='lat' dir='ltr'><strong>latione</strong></span> <span class='ocrx_word' id='word_1_327' title='bbox 427 3457 505 3492; x_wconf 91' lang='lat' dir='ltr'><strong>omne</strong></span> <span class='ocrx_word' id='word_1_328' title='bbox 529 3440 661 3491; x_wconf 88' lang='lat' dir='ltr'><strong>delictum</strong></span> <span class='ocrx_word' id='word_1_329' title='bbox 686 3439 868 3492; x_wconf 87' lang='lat' dir='ltr'><strong>continetur.’</strong></span> <span class='ocrx_word' id='word_1_330' title='bbox 893 3436 997 3500; x_wconf 85' lang='lat' dir='ltr'><strong>(noxae</strong></span> <span class='ocrx_word' id='word_1_331' title='bbox 1017 3441 1081 3488; x_wconf 84' lang='lat' dir='ltr'><strong>mole</strong></span> <span class='ocrx_word' id='word_1_332' title='bbox 1104 3437 1179 3500; x_wconf 85' lang='lat' dir='ltr'><strong>edd.)</strong></span> <span class='ocrx_word' id='word_1_333' title='bbox 1220 3439 1256 3488; x_wconf 87' lang='lat' dir='ltr'><strong>cf.</strong></span> <span class='ocrx_word' id='word_1_334' title='bbox 1280 3440 1348 3491; x_wconf 86' lang='lat' dir='ltr'><strong>Inst.</strong></span> <span class='ocrx_word' id='word_1_335' title='bbox 1372 3443 1402 3505; x_wconf 90' lang='lat'><strong>4,</strong></span> <span class='ocrx_word' id='word_1_336' title='bbox 1425 3444 1442 3492; x_wconf 88' lang='lat'>8</span> 
     </span>
     <span class='ocr_line' id='line_1_35' title="bbox 297 3521 1441 3588; baseline 0 -13"><span class='ocrx_word' id='word_1_337' title='bbox 297 3527 312 3588; x_wconf 66' lang='grc' dir='ltr'>ξ</span> <span class='ocrx_word' id='word_1_338' title='bbox 333 3528 356 3575; x_wconf 94' lang='lat' dir='ltr'><strong>l.</strong></span> <span class='ocrx_word' id='word_1_339' title='bbox 376 3525 489 3576; x_wconf 81' lang='lat' dir='ltr'><strong>Seruius</strong></span> <span class='ocrx_word' id='word_1_340' title='bbox 508 3525 545 3576; x_wconf 90' lang='lat' dir='ltr'><strong>ad</strong></span> <span class='ocrx_word' id='word_1_341' title='bbox 557 3526 626 3580; x_wconf 83' lang='lat' dir='ltr'><strong>Aen.</strong></span> <span class='ocrx_word' id='word_1_342' title='bbox 644 3525 658 3574; x_wconf 98' lang='lat' dir='ltr'><strong>I</strong></span> <span class='ocrx_word' id='word_1_343' title='bbox 676 3526 718 3574; x_wconf 87' lang='grc'><strong>41.</strong></span> <span class='ocrx_word' id='word_1_344' title='bbox 736 3525 771 3578; x_wconf 88' lang='grc' dir='ltr'><strong>Ι).</strong></span> <span class='ocrx_word' id='word_1_345' title='bbox 791 3525 833 3586; x_wconf 79' lang='grc'>42,</span> <span class='ocrx_word' id='word_1_346' title='bbox 853 3526 876 3586; x_wconf 90' lang='grc'>1,</span> <span class='ocrx_word' id='word_1_347' title='bbox 897 3525 912 3572; x_wconf 87' lang='grc'><strong>6</strong></span> <span class='ocrx_word' id='word_1_348' title='bbox 930 3524 982 3584; x_wconf 73' lang='lat' dir='ltr'><strong>§L</strong></span> <span class='ocrx_word' id='word_1_349' title='bbox 1001 3523 1167 3588; x_wconf 86' lang='lat' dir='ltr'><strong>Pomponius</strong></span> <span class='ocrx_word' id='word_1_350' title='bbox 1186 3521 1204 3572; x_wconf 96' lang='lat' dir='ltr'><strong>l.</strong></span> <span class='ocrx_word' id='word_1_351' title='bbox 1217 3523 1269 3572; x_wconf 86' lang='lat' dir='ltr'><strong>XX</strong></span> <span class='ocrx_word' id='word_1_352' title='bbox 1287 3523 1441 3586; x_wconf 64' lang='lat' dir='ltr'><strong>anquu-</strong></span> 
     </span>
     <span class='ocr_line' id='line_1_36' title="bbox 298 3607 1441 3676; baseline -0.001 -14"><span class='ocrx_word' id='word_1_353' title='bbox 298 3611 379 3662; x_wconf 90' lang='lat' dir='ltr'><strong>cium.</strong></span> <span class='ocrx_word' id='word_1_354' title='bbox 398 3611 432 3660; x_wconf 90' lang='lat' dir='ltr'><strong>D.</strong></span> <span class='ocrx_word' id='word_1_355' title='bbox 451 3612 499 3676; x_wconf 93' lang='lat'><strong>44,</strong></span> <span class='ocrx_word' id='word_1_356' title='bbox 518 3613 546 3673; x_wconf 83' lang='lat' dir='ltr'><strong>V,</strong></span> <span class='ocrx_word' id='word_1_357' title='bbox 566 3611 599 3661; x_wconf 79' lang='lat'><strong>56</strong></span> <span class='ocrx_word' id='word_1_358' title='bbox 617 3611 821 3674; x_wconf 81' lang='lat' dir='ltr'><strong>‘Quaecunque</strong></span> <span class='ocrx_word' id='word_1_359' title='bbox 846 3608 970 3659; x_wconf 87' lang='lat' dir='ltr'><strong>actiones</strong></span> <span class='ocrx_word' id='word_1_360' title='bbox 988 3608 1063 3658; x_wconf 81' lang='lat' dir='ltr'><strong>serui</strong></span> <span class='ocrx_word' id='word_1_361' title='bbox 1086 3607 1140 3657; x_wconf 90' lang='lat' dir='ltr'><strong>mei</strong></span> <span class='ocrx_word' id='word_1_362' title='bbox 1158 3607 1267 3658; x_wconf 90' lang='lat' dir='ltr'><strong>nomine</strong></span> <span class='ocrx_word' id='word_1_363' title='bbox 1289 3609 1357 3658; x_wconf 90' lang='lat' dir='ltr'><strong>mihi</strong></span> <span class='ocrx_word' id='word_1_364' title='bbox 1380 3626 1441 3661; x_wconf 88' lang='lat' dir='ltr'><strong>eoe-</strong></span> 
     </span>
     <span class='ocr_line' id='line_1_37' title="bbox 297 3691 1441 3761; baseline -0.001 -15"><span class='ocrx_word' id='word_1_365' title='bbox 297 3699 397 3761; x_wconf 86' lang='lat' dir='ltr'><strong>perunt</strong></span> <span class='ocrx_word' id='word_1_366' title='bbox 415 3700 572 3761; x_wconf 84' lang='lat' dir='ltr'><strong>competere</strong></span> <span class='ocrx_word' id='word_1_367' title='bbox 591 3695 636 3746; x_wconf 90' lang='lat' dir='ltr'><strong>nel</strong></span> <span class='ocrx_word' id='word_1_368' title='bbox 655 3711 689 3744; x_wconf 82' lang='lat' dir='ltr'><strong>ex</strong></span> <span class='ocrx_word' id='word_1_369' title='bbox 707 3692 762 3744; x_wconf 89' lang='lat' dir='ltr'><strong>XII</strong></span> <span class='ocrx_word' id='word_1_370' title='bbox 773 3693 878 3744; x_wconf 89' lang='lat' dir='ltr'><strong>tabulis</strong></span> <span class='ocrx_word' id='word_1_371' title='bbox 896 3693 942 3742; x_wconf 90' lang='lat' dir='ltr'><strong>uel</strong></span> <span class='ocrx_word' id='word_1_372' title='bbox 961 3707 994 3742; x_wconf 86' lang='lat' dir='ltr'><strong>ex</strong></span> <span class='ocrx_word' id='word_1_373' title='bbox 1012 3692 1074 3758; x_wconf 81' lang='lat' dir='ltr'><strong>lege</strong></span> <span class='ocrx_word' id='word_1_374' title='bbox 1088 3691 1201 3756; x_wconf 78' lang='lat' dir='ltr'><strong>Aquilia</strong></span> <span class='ocrx_word' id='word_1_375' title='bbox 1218 3691 1265 3742; x_wconf 93' lang='lat' dir='ltr'><strong>uel</strong></span> <span class='ocrx_word' id='word_1_376' title='bbox 1277 3692 1441 3744; x_wconf 88' lang='lat' dir='ltr'><strong>iniuriarum</strong></span> 
     </span>
     <span class='ocr_line' id='line_1_38' title="bbox 297 3775 1440 3846; baseline -0.001 -17"><span class='ocrx_word' id='word_1_377' title='bbox 297 3779 343 3831; x_wconf 90' lang='lat' dir='ltr'><strong>uel</strong></span> <span class='ocrx_word' id='word_1_378' title='bbox 369 3781 451 3846; x_wconf 86' lang='lat' dir='ltr'><strong>furti,</strong></span> <span class='ocrx_word' id='word_1_379' title='bbox 480 3778 593 3831; x_wconf 89' lang='lat' dir='ltr'><strong>eaedem</strong></span> <span class='ocrx_word' id='word_1_380' title='bbox 617 3779 718 3830; x_wconf 86' lang='lat' dir='ltr'><strong>durant</strong></span> <span class='ocrx_word' id='word_1_381' title='bbox 741 3778 853 3829; x_wconf 88' lang='lat' dir='ltr'><strong>etiamsi</strong></span> <span class='ocrx_word' id='word_1_382' title='bbox 875 3792 971 3828; x_wconf 87' lang='lat' dir='ltr'><strong>seruus</strong></span> <span class='ocrx_word' id='word_1_383' title='bbox 994 3780 1092 3842; x_wconf 89' lang='lat' dir='ltr'><strong>postea</strong></span> <span class='ocrx_word' id='word_1_384' title='bbox 1115 3775 1162 3826; x_wconf 89' lang='lat' dir='ltr'><strong>uel</strong></span> <span class='ocrx_word' id='word_1_385' title='bbox 1185 3778 1368 3828; x_wconf 87' lang='lat' dir='ltr'><strong>manumissus</strong></span> <span class='ocrx_word' id='word_1_386' title='bbox 1393 3778 1440 3828; x_wconf 91' lang='lat' dir='ltr'><strong>uel</strong></span> 
     </span>
     <span class='ocr_line' id='line_1_39' title="bbox 299 3861 1442 3926; baseline -0.003 -11"><span class='ocrx_word' id='word_1_387' title='bbox 299 3863 436 3915; x_wconf 89' lang='lat' dir='ltr'><strong>alienatus</strong></span> <span class='ocrx_word' id='word_1_388' title='bbox 454 3865 501 3916; x_wconf 91' lang='lat' dir='ltr'><strong>uel</strong></span> <span class='ocrx_word' id='word_1_389' title='bbox 519 3869 641 3915; x_wconf 90' lang='lat' dir='ltr'><strong>mortuus</strong></span> <span class='ocrx_word' id='word_1_390' title='bbox 660 3864 765 3916; x_wconf 61' lang='lat' dir='ltr'><strong>fuerit:</strong></span> <span class='ocrx_word' id='word_1_391' title='bbox 800 3861 952 3912; x_wconf 88' lang='lat' dir='ltr'><strong>Marcellus</strong></span> <span class='ocrx_word' id='word_1_392' title='bbox 970 3862 989 3915; x_wconf 84' lang='lat' dir='ltr'><strong>l.</strong></span> <span class='ocrx_word' id='word_1_393' title='bbox 1008 3862 1077 3912; x_wconf 92' lang='lat' dir='ltr'>VIII</span> <span class='ocrx_word' id='word_1_394' title='bbox 1093 3861 1159 3926; x_wconf 83' lang='lat' dir='ltr'>DIg.</span> <span class='ocrx_word' id='word_1_395' title='bbox 1178 3862 1213 3910; x_wconf 93' lang='lat' dir='ltr'><strong>D.</strong></span> <span class='ocrx_word' id='word_1_396' title='bbox 1231 3863 1280 3921; x_wconf 78' lang='lat'><strong>47,</strong></span> <span class='ocrx_word' id='word_1_397' title='bbox 1299 3864 1329 3923; x_wconf 82' lang='lat'><strong>6,</strong></span> <span class='ocrx_word' id='word_1_398' title='bbox 1349 3864 1365 3913; x_wconf 82' lang='lat'>5</span> <span class='ocrx_word' id='word_1_399' title='bbox 1387 3863 1442 3912; x_wconf 83' lang='lat' dir='ltr'><strong>‘Et</strong></span> 
     </span>
     <span class='ocr_line' id='line_1_40' title="bbox 298 3944 1441 4012; baseline -0.003 -12"><span class='ocrx_word' id='word_1_400' title='bbox 298 3951 322 4000; x_wconf 90' lang='lat' dir='ltr'><strong>si</strong></span> <span class='ocrx_word' id='word_1_401' title='bbox 341 3965 438 4000; x_wconf 87' lang='lat' dir='ltr'><strong>seruus</strong></span> <span class='ocrx_word' id='word_1_402' title='bbox 458 3949 609 4000; x_wconf 87' lang='lat' dir='ltr'><strong>communis</strong></span> <span class='ocrx_word' id='word_1_403' title='bbox 628 3948 744 3998; x_wconf 88' lang='lat' dir='ltr'><strong>alterius</strong></span> <span class='ocrx_word' id='word_1_404' title='bbox 762 3947 838 3997; x_wconf 89' lang='lat' dir='ltr'><strong>iussu</strong></span> <span class='ocrx_word' id='word_1_405' title='bbox 862 3944 990 3996; x_wconf 88' lang='lat' dir='ltr'><strong>damnum</strong></span> <span class='ocrx_word' id='word_1_406' title='bbox 1013 3944 1134 4008; x_wconf 84' lang='lat' dir='ltr'><strong>dederIt,</strong></span> <span class='ocrx_word' id='word_1_407' title='bbox 1160 3946 1243 3995; x_wconf 90' lang='lat' dir='ltr'><strong>etiam</strong></span> <span class='ocrx_word' id='word_1_408' title='bbox 1268 3944 1339 4010; x_wconf 91' lang='lat' dir='ltr'><strong>quod</strong></span> <span class='ocrx_word' id='word_1_409' title='bbox 1361 3962 1441 4012; x_wconf 84' lang='lat' dir='ltr'><strong>prae·</strong></span> 
     </span>
    </p>
   </div>
   <div class='ocr_carea' id='block_1_8' title="bbox 299 4151 1442 4316">
    <p class='ocr_par' dir='ltr' id='par_1_9' title="bbox 299 4151 1442 4316">
     <span class='ocr_line' id='line_1_41' title="bbox 384 4151 1442 4236; baseline 0 -22"><span class='ocrx_word' id='word_1_410' title='bbox 384 4157 411 4215; x_wconf 89' lang='lat'><strong>3.</strong></span> <span class='ocrx_word' id='word_1_411' title='bbox 430 4151 584 4236; x_wconf 80' lang='lat' dir='ltr'><strong>noxismue]</strong></span> <span class='ocrx_word' id='word_1_412' title='bbox 600 4173 733 4214; x_wconf 85' lang='lat' dir='ltr'><strong>noxumue</strong></span> <span class='ocrx_word' id='word_1_413' title='bbox 749 4154 843 4214; x_wconf 76' lang='lat' dir='ltr'><strong>Sobel.</strong></span> <span class='ocrx_word' id='word_1_414' title='bbox 856 4157 971 4213; x_wconf 80' lang='lat' dir='ltr'><strong>Basilio.</strong></span> <span class='ocrx_word' id='word_1_415' title='bbox 986 4153 1047 4212; x_wconf 86' lang='lat' dir='ltr'><strong>VII</strong></span> <span class='ocrx_word' id='word_1_416' title='bbox 1059 4160 1105 4222; x_wconf 85' lang='grc'><strong>14,</strong></span> <span class='ocrx_word' id='word_1_417' title='bbox 1125 4157 1142 4212; x_wconf 84' lang='grc'><strong><em>6</em></strong></span> <span class='ocrx_word' id='word_1_418' title='bbox 1158 4153 1275 4213; x_wconf 70' lang='lat' dir='ltr'><strong>nebrot.</strong></span> <span class='ocrx_word' id='word_1_419' title='bbox 1291 4154 1329 4216; x_wconf 86' lang='lat' dir='ltr'><strong>al.</strong></span> <span class='ocrx_word' id='word_1_420' title='bbox 1390 4172 1442 4214; x_wconf 87' lang='lat' dir='ltr'><strong>no·</strong></span> 
     </span>
     <span class='ocr_line' id='line_1_42' title="bbox 299 4241 783 4316; baseline -0.006 -13"><span class='ocrx_word' id='word_1_421' title='bbox 299 4243 337 4304; x_wconf 79' lang='lat' dir='ltr'><strong>xit</strong></span> <span class='ocrx_word' id='word_1_422' title='bbox 352 4241 616 4300; x_wconf 59' lang='lat' dir='ltr'><strong>Pithoeusrnocuit</strong></span> <span class='ocrx_word' id='word_1_423' title='bbox 636 4243 783 4316; x_wconf 76' lang='lat' dir='ltr'><strong>Ulpianus.</strong></span> 
     </span>
    </p>
   </div>
   <div class='ocr_carea' id='block_1_9' title="bbox 0 0 1652 4970">
    <p class='ocr_par' dir='ltr' id='par_1_10' title="bbox 0 0 1652 4970">
     <span class='ocr_line' id='line_1_43' title="bbox 0 0 1652 4970; baseline 0 0"><span class='ocrx_word' id='word_1_424' title='bbox 0 0 1652 4970; x_wconf 95' lang='lat' dir='ltr'><strong> </strong></span> 
     </span>
    </p>
   </div>
  </div>
 </body>
</html>
