3282 4992
369 239 417 297 nu
440 251 490 297 ιιι
513 249 727 298 mavnnnvn
749 251 928 312 nnnrovus
953 252 1201 304 COLLIGENDIS.
1311 239 1352 305 47

207 405 286 468 serit
299 402 410 468 rhetor
425 403 586 470 incertum
602 413 668 480 est:
686 426 766 470 sane
781 404 861 469 mihi
876 405 1007 492 quidem
1023 404 1184 471 dissimile
1197 407 1270 474 veri
1284 429 1352 474 non

203 504 338 572 videtur
352 527 427 570 eum
444 503 615 576 seditionis
632 514 745 570 contra
760 505 965 571 decemviros
981 517 1088 570 motae
1104 509 1293 575 narratione
1309 509 1352 574 ad
1386 523 1389 528 “

202 606 267 672 talc
281 618 494 694 praeceptum
509 605 698 692 fingendum
714 607 854 672 abusum
871 628 958 672 esse:
972 607 1014 670 in
1036 627 1101 692 qua
1122 630 1155 673 v.
1171 632 1198 675 c.
1221 610 1350 696 Appius

202 708 360 774 Claudius
377 709 466 795 apud
481 707 614 775 Livium
629 706 756 790 11148,
774 709 791 772 1
808 710 978 773 minitatus
995 707 1100 772 fertur
1116 717 1223 774 ‘ontis
1237 730 1353 790 quoque

201 815 320 876 tudiciis
334 821 516 890 compertum
531 831 562 874 se
576 814 686 873 tabere
700 819 784 872 nocte
798 820 858 872 toto
873 819 971 874 coctos
985 815 1016 873 in
1031 815 1104 874 orbe
1116 814 1217 887 forms
1231 833 1295 876 esse
1309 817 1353 876 ad

201 917 587 977 mmmdnmseditionem!
1329 903 1331 909 ’

275 1013 387 1080 Haud
415 1035 517 1100 acque
542 1011 688 1100 proclive
709 1022 761 1078 est
783 1012 825 1077 de
846 1013 991 1079 Tacito
1023 1023 1120 1102 atque
1142 1015 1350 1082 Ammiano

202 1115 442 1182 Marcellino
464 1115 624 1202 probatae
644 1117 833 1202 ceteroquin
853 1115 932 1179 fidei
947 1117 1162 1201 scriptoribus
1182 1117 1349 1182 iudicium.

201 1219 318 1285 Tacito
335 1220 421 1283 enim
438 1217 466 1281 si
481 1217 588 1281 credis
604 1221 714 1297 ‘primo
727 1222 800 1281 XII
810 1221 917 1281 tabulis
932 1231 1067 1282 sonetum
1082 1239 1120 1282 ne
1134 1226 1199 1298 quis
1214 1226 1352 1284 andario

199 1324 308 1398 fenore
322 1327 451 1400 amplias
465 1328 636 1383 exerceret'
653 1317 845 1401 (AnnalVl
862 1318 926 1405 16),
942 1319 1066 1384 videris
1083 1321 1180 1386 Livio
1196 1321 1352 1385 iniuriam

202 1422 322 1503 facere,
332 1421 394 1509 qui
409 1421 478 1515 Vll
495 1422 534 1484 16
549 1419 638 1484 haud
653 1419 780 1492 laetam.
788 1420 939 1507 patribus
956 1420 993 1485 O.
1010 1421 1135 1486 Marcio
1151 1421 1211 1486 On.
1228 1421 1352 1488 Manlio
1400 1428 1402 1432 ’

207 1544 292 1589 coss.
310 1524 354 1609 (a.
371 1547 404 1588 u.
421 1521 651 1608 OOOXOVII)
669 1521 709 1588 de
724 1507 871 1588 unciario
887 1521 1000 1607 fenore
1016 1545 1037 1586 a
1050 1521 1095 1587 M.
1106 1521 1219 1588 Duilio
1235 1524 1274 1588 L.
1286 1524 1354 1588 Me-

202 1626 301 1692 nenio
317 1635 358 1690 tr.
374 1624 420 1711 pl.
436 1625 726 1710 rogationemesse
741 1623 902 1711 perlatam
918 1633 951 1689 et
966 1646 986 1688 a
1000 1623 1096 1711 plebe
1114 1624 1282 1711 aliquanto
1297 1647 1351 1691 cu-

201 1728 313 1814 pidius
330 1727 446 1792 scitam
462 1727 587 1793 scribit.
616 1728 726 1814 Atque
742 1726 823 1791 haec
838 1749 860 1790 a
873 1725 989 1792 Tacito
1011 1726 1170 1792 confundi
1185 1749 1245 1813 pro
1261 1737 1350 1794 certo

202 1829 321 1895 habuit
339 1829 667 1917 Montesquievius¹)‚
689 1829 867 1916 eademque
888 1837 920 1892 et
940 1827 1078 1892 aliorum
1099 1839 1132 1893 et
1148 1828 1352 1914 ,Schwegleri

203 1930 343 2018 suspitio
359 1941 411 1997 est
425 1930 468 1996 H.
486 1931 526 1996 R.
542 1929 578 1996 lI
592 1955 624 2018 p.
641 1931 752 1996 21411.
770 1935 798 1994 l.
820 1929 874 1994 ΙΙΙ
888 1952 920 2016 p.
937 1930 999 1994 286
1013 1953 1048 1994 n.
1062 1932 1095 1994 2.
1132 1931 1258 1997 Contra
1273 1932 1348 1996 Nie-

202 2033 340 2098 buhrius
357 2033 487 2100 abiecta
501 2033 563 2098 hac
579 2055 598 2096 a
613 2055 678 2120 qua
692 2034 762 2120 ipse
778 2030 955 2119 aliquando
971 2054 1036 2097 non
1057 2031 1183 2097 alienus
1204 2032 1269 2098 fuit
1292 2035 1349 2119 (cf.

202 2135 247 2199 H.
263 2135 303 2199 R.
321 2134 356 2199 ll
376 2158 409 2220 p.
425 2136 487 2200 431
509 2136 560 2200 ed.
577 2135 613 2222 2)
634 2135 817 2220 suspitione
838 2143 984 2199 veterem
1004 2133 1111 2218 legem
1131 2137 1249 2200 statuit
1274 2146 1351 2222 post

203 2235 367 2303 Gallicum
386 2237 576 2302 incendium
598 2240 632 2302 in
653 2236 817 2302 communi
838 2235 985 2301 omnium
999 2234 1111 2320 iuopia
1130 2247 1164 2302 et
1178 2239 1349 2322 perturba·

202 2339 294 2404 tione
319 2340 516 2424 abrogatam
541 2361 631 2421 esse,
662 2360 726 2425 quo
757 2337 888 2403 facilins
913 2337 1073 2424 pecuniae
1102 2338 1350 2424 expedirentur,

204 2441 326 2506 deinde
343 2440 547 2508 tribunorum
562 2440 757 2528 plebeiscito
773 2442 992 2505 instauratam
1007 2438 1058 2526 (ΙΙ
1072 2440 1177 2526 p.674
1191 2441 1243 2506 ed.
1259 2442 1289 2506 3.
1307 2442 1351 2506 cf.

201 2541 342 2610 Scholae
364 2543 406 2608 de
425 2542 502 2609 hist.
523 2565 605 2608 rom.
622 2544 673 2609 ed.
690 2542 784 2608 Isler.
801 2545 864 2629 lp.
881 2542 969 2629 391).
1008 2540 1106 2622 Quod
1129 2542 1262 2622 ancille
1280 2545 1351 2608 iure

202 2645 384 2712 contendit.
407 2646 553 2711 Maxime
568 2645 655 2710 enim
670 2668 711 2709 ne
725 2653 937 2731 praeceptum
953 2643 995 2709 de
1009 2642 1122 2709 fenore
1137 2666 1157 2708 a
1173 2642 1243 2710 XII
1258 2646 1351 2712 tabu·

201 2747 244 2811 lis
261 2747 486 2813 abiudicemus
494 2796 503 2831 ,
520 2747 604 2813 Cato
618 2748 795 2834 persuadet
810 2748 844 2811 in
859 2744 962 2811 libelli
978 2746 1060 2810 der.
1075 2768 1102 2810 r.
1117 2747 1222 2832 praef.
1239 2749 1350 2815 dicens

203 2852 351 2914 ‘Maiores
376 2857 454 2914 enim
478 2857 572 2914 nostri
591 2857 634 2914 sic
653 2854 823 2914 babuerunt
840 2861 870 2914 et
894 2856 938 2914 tta
957 2856 987 2913 tn
1008 2854 1153 2927 lepidus
1175 2857 1353 2930 posiocront

199 2954 305 3028 furem
320 2957 408 3032 dupli
420 2956 629 3028 condemnari,
647 2956 908 3028 feneratorem
929 2957 1172 3031 quadruplt':
1194 2974 1257 3038 quo
1279 2951 1350 3018 loco

201 3053 293 3138 leges
309 3053 457 3139 intellegi
472 3053 706 3118 decemvirales
723 3075 797 3117 cum
813 3053 853 3119 de
864 3052 937 3117 fure
948 3063 1147 3138 compertum
1158 3054 1350 3135 habeamus,

203 3178 270 3220 non
286 3155 439 3243 estquod
455 3178 548 3221 secus
564 3154 821 3242 accipiamusde
836 3153 1031 3220 feneratore.
1069 3155 1274 3240 Abrogatam
1294 3178 1350 3220 au-

203 3267 273 3323 tem
292 3297 336 3309 -
362 3261 432 3324 sive
457 3258 552 3322 malis
577 3257 801 3323 oblitteratam
827 3278 901 3321 curn
927 3255 1129 3341 Goettlingio
1155 3257 1243 3322 Hist.
1268 3258 1349 3343 reip.

203 3383 285 3426 rom.
303 3361 425 3426 admin.
440 3384 474 3448 p.
488 3360 598 3447 285²),
613 3360 817 3426 Mommseno
830 3364 870 3423 H.
881 3359 920 3426 R.
933 3358 951 3423 I
962 3382 995 3445 p.
1003 3359 1066 3424 292
1081 3359 1197 3424 erata
1211 3359 1263 3424 ed.
1275 3361 1296 3424 3
1309 3397 1351 3406 -

206 3523 257 3530 -ι
275 3523 410 3530 --ο--η--ι-

275 3619 295 3686 ¹)
314 3621 410 3688 Esprit
428 3623 477 3674 des
495 3621 553 3674 loix
570 3620 650 3673 XXII
668 3637 692 3673 c.
709 3621 742 3670 22
761 3620 874 3684 (Oeuvr.
893 3619 921 3670 11
939 3636 965 3683 p.
984 3619 1034 3670 415
1058 3618 1099 3671 ed.
1120 3619 1196 3681 1⁷64)
1215 3617 1245 3668 Si
1266 3618 1295 3668 la
1312 3617 1351 3668 loi

205 3705 253 3759 des
274 3708 359 3759 douae
379 3707 471 3759 tables
490 3708 566 3760 avoit
582 3704 661 3772 re'gle'
680 3706 755 3765 cela,
775 3709 912 3756 comment
929 3704 998 3754 dans
1016 3703 1057 3754 les
1075 3703 1198 3769 disputes
1211 3703 1259 3768 qui
1271 3699 1351 3752 s'dle·

205 3792 304 3845 verant
321 3795 417 3860 depuis
436 3789 513 3845 entre
531 3793 574 3844 les
592 3789 749 3843 creanciers
770 3795 797 3840 ct
820 3791 862 3840 les
887 3789 1028 3841 debiteurs
1045 3805 1080 3841 ne
1099 3806 1128 3840 se
1147 3790 1282 3840 serait-on
1300 3803 1351 3860 pas

205 3882 279 3931 servi
298 3880 331 3932 de
351 3896 400 3930 son
420 3877 557 3932 autorite?
594 3877 637 3928 On
660 3893 695 3928 ne
718 3880 815 3928 trouve
840 3891 930 3927 aucun
948 3878 1058 3942 vestiga
1077 3891 1124 3926 sur
1144 3874 1172 3925 le
1195 3875 1257 3940 pret
1274 3874 1292 3924 a
1309 3876 1349 3924 in!

206 3964 293 4030 teret,
313 3971 342 4019 et
359 3982 427 4034 pour
444 3981 499 4032 peu
517 3968 599 4030 qu'on
617 3966 672 4024 ¹soit
689 3961 771 4028 verso¹
788 3964 857 4015 dans
880 3963 1015 4014 l'histoire
1037 3963 1071 4013 de
1089 3963 1188 4024 Rome,
1211 3975 1246 4012 on
1269 3974 1351 4011 verra

207 4053 306 4116 qn'une
324 4051 364 4102 loi
382 4052 498 4118 porcille
518 4067 552 4101 ue
571 4049 665 4102 devoit
682 4049 760 4114 point
778 4049 838 4100 etre
856 4047 999 4114 l’ouvrage
1017 4048 1067 4098 des
1084 4046 1254 4098 Decemvirs.
1290 4045 1351 4095 Non

207 4137 312 4189 sufficit
331 4139 402 4202 quod
420 4140 463 4188 his
482 4138 598 4202 opponit
617 4135 770 4188 Gibbouius
794 4134 877 4198 (Hist.
903 4134 934 4185 of
955 4135 1002 4184 tha
1022 4134 1129 4186 decline
1150 4150 1174 4187 c.
1191 4135 1226 4184 44
1243 4150 1269 4185 n.
1291 4136 1350 4198 164)

207 4225 289 4275 ‘Wos
307 4224 406 4274 Tacite
425 4225 555 4289 ignorant
572 4249 607 4258 -
624 4237 655 4274 or
673 4220 796 4286 stupid‘l’

273 4311 294 4372 π)
315 4315 488 4379 Quamquam
506 4316 530 4368 is
549 4314 619 4381 quod
638 4313 693 4362 iam
713 4315 776 4362 ante
795 4313 849 4361 XII
867 4312 896 4364 in
914 4312 1035 4362 sacratis
1053 4310 1161 4376 legibus
1180 4309 1212 4358 de
1226 4309 1352 4358 unciario
