3282 4992
328 326 349 392 2
504 335 506 337 ·
762 335 874 390 cirvr
897 338 1045 390 return.

330 501 419 584 lege,
435 519 501 563 non
516 496 671 562 restituta
692 495 836 581 cogitare
856 495 1019 563 iubemur?
1046 495 1117 560 Nec
1137 496 1241 582 magis
1264 493 1477 562 verisimilem

329 599 440 664 reddit
453 600 551 666 istam
568 599 754 685 opinionem
769 607 839 663 tota
853 599 1112 684 fragmentorum
1134 599 1346 685 superstitum
1361 598 1477 664 condi-

330 701 397 766 oio:
423 723 519 788 quam
540 724 608 766 rem
634 723 712 766 mox
738 699 887 787 pluribus
915 723 1071 788 exequar.
1107 698 1249 767 Omnino
1273 723 1315 766 ne
1336 702 1479 786 egebant

330 802 464 890 quidem
478 802 639 869 eiusmodi
653 802 861 869 restitutione
875 802 1030 884 Romani,
1054 825 1191 888 quorum
1207 803 1352 868 omnium
1372 803 1407 866 in
1422 825 1478 868 ore

330 928 369 970 ac
383 906 548 971 mentibus
564 906 701 971 rudibus
718 905 826 970 adhuc
841 913 873 969 ct
887 903 1019 969 incultis
1035 907 1166 991 penitus
1183 905 1286 970 infixa
1302 916 1374 970 erat
1395 892 1477 990 legis
1552 930 1554 934 ·

330 1007 504 1073 memoria:
521 1029 587 1095 qua
602 1007 733 1094 quidem
747 1006 820 1093 lege
835 1017 869 1072 et
883 1006 979 1093 aequi
999 1006 1081 1071 iuris
1100 1009 1187 1074 inter
1201 1006 1293 1073 cives
1309 1018 1479 1094 tamquam

330 1108 511 1197 palladium
526 1119 685 1174 statutum
701 1118 734 1174 et
753 1109 882 1194 insigne
903 1107 1034 1194 linguae
1055 1108 1213 1197 scriptum
1234 1119 1479 1174 monumentum

331 1211 455 1277 editum
475 1233 548 1276 esse
568 1210 797 1296 gloriarentur.
828 1210 911 1276 Inde
932 1211 1033 1295 igitur
1053 1210 1205 1276 effectum
1226 1221 1291 1295 est,
1313 1220 1350 1276 ut
1371 1196 1481 1297 legeni

255 1383 261 1394 „
330 1312 413 1380 bene
428 1334 525 1378 nosse
540 1313 626 1378 inter
645 1313 802 1400 primaria
824 1313 906 1379 civis
922 1312 1063 1379 Romani
1083 1312 1195 1379 officia'
1214 1312 1348 1401 publica
1370 1335 1479 1380 cense-
1590 1348 1592 1352 v

332 1425 425 1481 retur
440 1425 538 1503 atque
552 1415 657 1480 itu-
671 1437 755 1502 quae
770 1425 843 1480 erat
857 1414 970 1503 populi
987 1413 1186 1502 simplicitas.
1200 1427 1232 1482 et
1247 1417 1373 1504 antiqui
1387 1417 1479 1482 insti-

330 1519 395 1584 tuti
418 1525 631 1584 oonservator
651 1518 779 1582 animus
800 1555 842 1564 —-
862 1539 921 1604 per
942 1517 1006 1581 tria
1029 1503 1253 1584 fere‘smcula
1279 1525 1312 1582 et
1338 1517 1478 1583 forensis

330 1642 408 1685 usus
424 1631 457 1686 et
472 1620 687 1685 institutionis
703 1600 901 1685 domesticae
921 1619 983 1686 hoc
1003 1643 1068 1686 non
1089 1620 1195 1687 solum
1215 1619 1479 1701 fundamentum,

331 1723 390 1788 sed
411 1724 520 1809 ipsum
541 1731 770 1808 argumentum
790 1731 1008 1809 permaneret.
1051 1721 1138 1788 Nam
1158 1722 1318 1811 quidquid
1339 1745 1397 1810 per
1417 1721 1480 1787 hoc

331 1825 487 1912 temporis
509 1826 652 1911 spatium
672 1823 860 1910 vigentibus
880 1825 962 1890 iuris
984 1823 1101 1890 studiis
1125 1824 1280 1890 collatum
1300 1834 1351 1890 est
1371 1825 1414 1890 ad
1428 1825 1479 1888 ius

332 1926 429 1992 civile
443 1926 689 2014 provehendum
705 1936 738 1991 et
753 1925 985 2009 excolendum,
1005 1926 1041 1991 id
1063 1949 1157 1992 omne
1182 1937 1239 1991 aut
1260 1927 1295 1990 in
1317 1927 1479 2014 actione

331 2028 412 2114 legis
435 2037 493 2093 aut
513 2028 548 2092 in
567 2028 912 2115 interpretatione
934 2031 1120 2116 ponebatur
1132 2030 1174 2114 ¹):
1199 2051 1263 2115 qua
1278 2029 1313 2092 in
1328 2049 1364 2093 re
1379 2051 1479 2116 quan-

332 2141 386 2196 tae
400 2130 552 2216 religioni
567 2130 668 2195 fuerit
688 2130 722 2194 in
736 2129 817 2217 ipsis
841 2130 923 2216 legis
939 2131 1067 2212 verbis,
1087 2129 1141 2196 vel
1161 2130 1220 2197 ubi
1243 2130 1393 2196 sufficere
1414 2153 1480 2195 non

330 2231 540 2315 viderentur,
561 2233 758 2319 persistere,
780 2234 910 2319 insigne
937 2231 1123 2321 exemplum
1144 2233 1229 2300 Gaio
1251 2231 1389 2320 aliisque
1415 2255 1480 2296 me·

332 2344 494 2417 moratur,
510 2336 597 2421 quod
613 2337 690 2400 ‘eum
705 2341 758 2414 qui
772 2341 809 2400 de
823 2341 928 2401 vitibus
942 2343 1065 2402 succisis
1078 2343 1121 2401 iic
1135 2343 1255 2417 egisset,
1271 2349 1304 2401 id
1317 2343 1348 2402 in
1364 2343 1481 2401 actione

332 2443 597 2511 disseminaret,
613 2458 787 2518 responsum
802 2450 845 2502 est
858 2457 921 2503 rem
931 2442 1117 2520 perdidisse,
1142 2445 1214 2518 quia
1230 2443 1374 2502 debuisset
1388 2443 1481 2501 arbo-

332 2562 382 2605 res
396 2547 551 2604 nominare
564 2561 599 2604 eo
613 2546 694 2619 qdod
706 2549 758 2605 lex
772 2545 843 2604 XII
855 2545 1038 2612 miciacum,
1060 2561 1100 2604 ex
1114 2561 1175 2618 quc
1190 2544 1228 2603 de
1242 2544 1346 2603 vitibus
1360 2543 1481 2601 succisis

332 2650 410 2708 ectio
423 2652 608 2722 competeret,
621 2650 805 2722 generaliter
819 2647 857 2707 de
867 2647 1024 2718 arboribus
1034 2649 1157 2706 succisis
1165 2648 1347 2720 loqueretur’
1361 2638 1480 2725 (Gaius

333 2743 416 2810 Inst.
433 2744 483 2810 IV
506 2747 556 2809 11.
576 2746 655 2830 Dig.
672 2745 724 2830 47,
742 2746 772 2827 7,
795 2747 812 2808 1
830 2767 900 2832 sqq.
922 2743 965 2809 cf.
988 2743 1115 2808 Plinius
1130 2743 1172 2808 N.
1189 2741 1232 2807 H.
1250 2742 1336 2807 XIV
1353 2745 1382 2824 1,
1399 2741 1480 2826 9).²)

333 2846 450 2933 Itaque
465 2847 565 2912 etiam
579 2847 614 2911 in
630 2848 737 2934 primo
752 2847 834 2911 iuris
850 2846 955 2912 civilis
972 2845 1085 2912 codice
1100 2868 1164 2932 quo
1182 2847 1287 2910 omnis
1304 2867 1387 2932 quae
1404 2852 1481 2908 tunc

332 2949 519 3035 comparuit
533 2948 613 3013 iuris
629 2950 767 3014 materia
782 2949 875 3034 quasi
889 2949 1006 3014 horreo
1023 2946 1259 3033 comprehensa
1273 2957 1334 3028 est,
1346 2947 1380 3010 in
1395 2945 1480 3011 libro
1506 2937 1507 2942 ἵ

303 3049 405 3116 adico
419 3050 686 3116 sexcuntias
702 3054 781 3133 (cos.
798 3073 828 3117 a.
845 3050 966 3138 IOLV)
984 3051 1039 3136 qui
1055 3049 1261 3136 ‘Tripertita'
1277 3048 1480 3129 inscribitur,

333 3151 388 3218 lex
403 3152 475 3217 XII
489 3153 673 3240 perscripta
688 3139 907 3220 exhibebatur
928 3151 1083 3217 adiuncta
1103 3161 1135 3216 et
1156 3151 1427 3237 interpretatione
1448 3157 1482 3214 et

333 3252 416 3340 legis
432 3255 604 3341 actionei)
620 3294 663 3304 -
679 3255 772 3337 Quae
793 3264 904 3321 tamen
919 3255 1097 3320 auctoritas
1113 3262 1149 3318 ut
1169 3251 1400 3338 impedimento
1416 3273 1482 3316 non

334 3355 412 3436 fuit,
428 3357 600 3442 quominus
616 3357 779 3443 quaedam
793 3380 834 3422 ex
850 3356 932 3441 legis
948 3356 1132 3443 praeceptis
1147 3355 1214 3419 iam
1229 3353 1287 3419 illa
1302 3363 1410 3419 aetate
1425 3353 1481 3424 ab.-

332 3469 527 3542 rogarentur
546 3495 583 3506 —
603 3459 687 3524 sicut
708 3457 900 3545 plebeiscito
922 3457 1078 3524 Canuleio
1100 3457 1285 3524 conubium
1297 3454 1387 3543 plebi
1407 3477 1481 3521 cum

334 3559 483 3646 patribus
500 3559 614 3626 datum
630 3571 697 3642 est,
713 3561 802 3647 quod
817 3557 860 3625 ne'
873 3571 960 3626 esset
975 3559 1030 3626 lex
1045 3569 1217 3643 sanxerat3
1240 3568 1297 3625 aut
1313 3558 1481 3645 aliquanto

334 3669 411 3747 post
424 3660 496 3746 lege
511 3662 646 3749 Aquilio
661 3663 771 3730 omnia
785 3664 905 3751 quibus
921 3665 955 3728 in
970 3663 1041 3728 XII
1062 3662 1103 3728 de
1119 3662 1238 3727 damno
1253 3661 1391 3726 iniuriae
1406 3681 1481 3725 cau·

239 3925 242 3932 .
337 3901 370 3936 ac
389 3891 487 3952 postea
505 3887 627 3952 demum,
647 3903 708 3938 cum
725 3887 780 3939 iem
798 3904 848 3955 per
866 3887 916 3942 Gn.
935 3887 1064 3940 Flavium
1084 3885 1189 3954 publici
1206 3887 1273 3938 iuris
1291 3886 1361 3938 iacti
1379 3888 1481 3949 essent,

337 3970 454 4022 additos.

405 4055 425 4120 ¹)
445 4057 481 4106 cf.
500 4057 666 4125 Pomponius
683 4061 748 4125 Dig.
769 4063 793 4124 1,
812 4062 838 4124 2,
856 4062 872 4110 2
890 4059 905 4122 ἕ
924 4063 948 4112 b.
966 4061 992 4112 6.

404 4139 425 4204 ²)
445 4143 687 4208 Interpretctionis
706 4144 834 4212 exempla
853 4145 889 4198 cf.
908 4144 995 4196 Gaius
1012 4146 1026 4195 I
1046 4146 1102 4196 165.
1123 4143 1189 4196 lust.
1204 4142 1225 4197 I.
1241 4145 1264 4205 1,
1285 4141 1325 4196 1t.
1344 4140 1482 4208 Ulpianus

335 4225 371 4280 D.
389 4228 435 4291 26,
454 4229 484 4289 4,
503 4231 519 4278 3
537 4243 578 4294 pr.
598 4231 620 4281 1.
649 4229 753 4281 Paulus
777 4232 806 4280 in
825 4229 980 4282 collatione
1004 4230 1059 4296 leg.
1083 4231 1152 4280 Mos.
1176 4234 1205 4279 et
1228 4228 1303 4279 Rom.
1324 4230 1387 4279 XVI
1406 4233 1434 4292 3,
1456 4232 1480 4280 3.

336 4311 370 4364 D.
389 4313 431 4375 50,
452 4313 492 4376 16,
511 4315 553 4363 62.
572 4316 621 4366 233
640 4315 654 4375 ξ
672 4318 697 4365 2.
721 4318 763 4375 47,
782 4319 806 4379 3,
827 4318 850 4377 1,
870 4318 883 4366 1
904 4315 939 4368 al.
970 4353 973 4358 ψ
1403 4367 1405 4370 .

404 4395 426 4462 ⁸)
446 4399 482 4448 ci.
500 4399 666 4468 Pomponius
684 4402 719 4451 D.
740 4402 764 4464 1,
783 4403 808 4465 2,
826 4403 842 4450 2
860 4403 875 4463 5
893 4401 939 4464 38,
960 4416 1013 4466 quc
1032 4399 1067 4450 de
1085 4399 1160 4450 infra
1178 4398 1258 4466 plura
1276 4399 1358 4455 dabo.
