3282 4992
690 205 802 254 GAPVT
824 201 1000 251 Anrnnvu.

472 613 477 624 x
613 404 787 574 onrvr
823 415 1083 570 inrunvu.
1330 590 1333 597 Ι

274 659 1422 841 υΕνΕΤΕωΒνεΧΗΤΑΒνιΑΗνΜΙΝΤΕΒΡΗΕΉΒῊ.

361 977 595 1062 Quaestionem
616 976 656 1042 de
674 952 742 1058 eis,
766 975 821 1062 qui
841 975 927 1040 inter
948 983 1076 1040 veteres
1097 972 1202 1058 legem
1216 973 1425 1058 interpretati

277 1091 369 1165 sunt,
406 1077 494 1168 quod
523 1087 599 1166 post
628 1077 842 1164 Suringarum
878 1076 986 1162 (Hist.
1017 1075 1091 1140 orit.
1121 1074 1286 1140 scholiast.
1316 1073 1373 1139 lat.
1406 1073 1425 1138 I

148 1259 150 1268 ,
275 1211 308 1274 p.
323 1181 464 1270 30-55)
480 1181 725 1247 retractandam
740 1180 901 1269 suscipio,
918 1198 1013 1243 nemo
1029 1178 1143 1264 opinor
1158 1178 1348 1256 mirabitur,
1367 1177 1423 1262 qui

276 1287 485 1356 verissimum
502 1283 628 1349 deeius
645 1281 896 1349 libroiudicium
908 1280 1219 1348 Ritscheliinoverit
1236 1279 1425 1366 (Parergal

151 1411 156 1420 “
277 1414 310 1478 p.
327 1389 415 1473 361).
431 1385 561 1452 *Placet
572 1396 685 1452 tamen
700 1408 774 1452 eam
788 1385 1014 1472 quaestionem
1028 1383 1076 1449 ita
1090 1383 1260 1470 persequi,
1282 1391 1319 1446 ‘ut
1340 1403 1423 1468 quae

279 1495 346 1558 iam
361 1491 404 1556 ab
419 1488 476 1555 illo
492 1496 653 1575 occupata
668 1497 745 1552 sunt
758 1496 978 1574 praeteream,
1000 1486 1040 1551 (le
1056 1487 1103 1552 eis
1120 1495 1245 1568 autem,
1268 1506 1351 1571 quae
1371 1483 1426 1549 vel

281 1595 382 1686 plubia
398 1600 475 1664 sunt
492 1591 546 1656 vel
561 1611 679 1678 parum
694 1589 800 1654 adhuc
810 1589 987 1672 intellecta,
1004 1588 1101 1677 paulo
1113 1587 1240 1676 plenius
1253 1588 1424 1654 disseram.

364 1697 414 1760 Ac
429 1694 570 1781 primum
586 1691 717 1779 quidem
734 1692 820 1757 Sex.
836 1689 994 1758 Aelium
1014 1693 1177 1756 Paetum
1192 1690 1427 1775 cognomine

281 1798 423 1875 Catum
445 1794 609 1879 insignem
628 1794 708 1859 iuris
731 1795 868 1860 scientia
883 1795 971 1881 apud
985 1792 1160 1881 populares
1175 1831 1218 1841 -
1233 1793 1290 1879 qui
1305 1800 1338 1856 et
1353 1813 1427 1856 oon-

281 1898 333 1963 sul
345 1899 409 1962 fuis
421 1919 450 1962 a.
463 1895 570 1983 loLV
582 1917 656 1960 cnm
668 1896 708 1960 Τ.
722 1896 876 1977 Quinctio
888 1895 1072 1962 Flaminino
1086 1905 1118 1960 et
1130 1915 1245 1962 censor
1258 1917 1288 1960 a.
1300 1892 1428 1960 IOLIX

280 2003 447 2086 ingentem
466 1997 609 2084 gratiam
629 1996 718 2084 apud
734 2008 883 2064 senatum
898 1999 1026 2087 peperit
1041 1997 1213 2064 senatoriis
1230 1997 1310 2063 locis
1326 1997 1361 2060 in
1376 2018 1428 2060 ca-

280 2125 344 2171 vea
364 2125 384 2166 a
404 2099 526 2188 populo
547 2100 681 2165 secretis
704 2101 834 2187 (Livius
851 2101 903 2183 34,
918 2100 974 2187 44)
990 2139 1034 2148 -
1048 2101 1129 2186 legis
1150 2102 1364 2186 interpretem
1381 2097 1428 2175 di-

195 2194 200 2199 ’
282 2214 368 2271 serto
389 2203 534 2290 appellat
550 2201 664 2268 Cicero
685 2201 757 2268 loco
774 2226 870 2290 quem
885 2203 1000 2269 notavi
1016 2201 1135 2288 de'leg.
1151 2201 1187 2284 Il
1202 2201 1255 2283 23,
1270 2201 1312 2265 59
1327 2187 1428 2264 idem-

281 2329 344 2394 que
367 2315 509 2371 testatur
524 2305 724 2391 Pomponius
740 2304 820 2388 Dig.
839 2306 873 2386 1,
889 2304 926 2386 2,
943 2304 963 2366 2
979 2308 1010 2386 ξ.
1026 2303 1079 2369 38.
1102 2307 1194 2368 fsex.
1204 2299 1326 2368 'Aelium
1340 2309 1430 2366 etium

283 2415 400 2473 Ennius
414 2411 551 2470 laudauit
560 2407 584 2492 1)
600 2418 630 2470 ct
648 2416 731 2470 catut
744 2413 824 2470 illius
840 2410 919 2481 iiber
933 2411 986 2484 qui
1006 2409 1178 2470 inscribitur
1194 2411 1216 2442 “
1226 2410 1429 2487 Tripertitu'’‚

283 2517 335 2590 qui
359 2513 434 2574 liter
454 2515 545 2572 ueluti
563 2511 714 2572 cunabula
733 2513 809 2572 iuris
828 2513 964 2572 continet.
998 2512 1162 2588 Tripertitu
1186 2519 1284 2574 autem
1306 2515 1429 2593 dicitur,

287 2618 427 2692 quonium
442 2618 506 2694 iope
520 2613 593 2686 XII
610 2615 780 2674 tubulorum
795 2618 972 2690 praeposita
994 2617 1128 2690 iuupitur
1144 2617 1428 2691 interpretatis,

215 2719 219 2741 ¹
284 2721 354 2780 ciciu
375 2719 542 2778 subtexitur
562 2719 636 2792 lepis
650 2718 756 2777 actio'.
791 2696 895 2794 Quem
916 2712 1037 2779 librum
1058 2735 1123 2777 non
1138 2712 1218 2778 mihi
1238 2714 1457 2811 persuaderi„

286 2817 329 2882 ab
358 2814 534 2882 Huschkio
569 2815 678 2901 patiar
709 2813 760 2897 (in
790 2814 909 2880 Annal.
940 2815 1002 2880 iur.
1033 2815 1188 2880 scientiae
1216 2815 1333 2882 histor.
1363 2816 1431 2880 XV

290 2918 351 2982 179
366 2916 452 3004 sqq.)
461 2914 492 3002 2)’
510 2915 783 3002 quemadmodum
803 2919 894 3004 passi
916 2926 992 2982 sunt
1010 2917 1200 2984 Rudorffius
1222 2917 1266 2982 H.
1282 2919 1305 2982 i.
1322 2941 1348 2984 r.
1365 2941 1397 3006 p.
1414 2919 1431 2984 I

287 3020 363 3102 158,
392 3017 561 3084 Walterus
581 3017 624 3090 H.
647 3018 710 3083 iun.
731 3017 767 3084 ΙΙ
787 3043 819 3107 p.
835 3018 872 3102 6,
892 3018 949 3084 alii
975 3057 1010 3068 —
1035 3019 1203 3096 diversum
1226 3042 1298 3084 esse
1324 3020 1366 3086 ab
1391 3043 1431 3086 eo
1523 3073 1527 3080 .

286 3121 342 3208 qui
363 3120 550 3208 appellatur
578 3113 651 3186 ‘Ius
673 3120 874 3203 Aelianum',
901 3111 997 3205 cuius
1017 3123 1105 3208 apud
1125 3117 1345 3208 Pomponium
1365 3124 1430 3204 §.7

285 3223 408 3289 mentio
434 3233 500 3304 est,
527 3224 581 3288 vel
608 3247 629 3288 a
654 3223 897 3316 commentariis
924 3223 1000 3288 Sex.
1024 3223 1110 3288 Aelii
1137 3223 1288 3291 Ciceroni
1313 3245 1432 3290 memo·

172 3385 175 3388 ,
285 3325 368 3390 ratis
394 3324 434 3389 de
462 3345 508 3388 or.
529 3325 547 3389 Ι
566 3324 625 3414 56,
640 3325 717 3412 240.
763 3324 911 3410 Namque
940 3325 990 3389 ius
1018 3324 1192 3390 Aelianum
1221 3324 1302 3390 nihil
1330 3327 1432 3392 conti-

289 3427 401 3490 nuisse
421 3425 488 3488 nisi
508 3424 591 3511 legis
613 3425 759 3490 actiones
782 3428 920 3496 omissas
941 3427 976 3491 in
997 3428 1066 3492 iure
1087 3426 1249 3493 Flaviano
1270 3427 1432 3494 immerito

287 3524 493 3594 concluditur
508 3543 549 3591 ex
563 3527 736 3614 Pomponii
751 3528 862 3595 verbis
878 3529 982 3594 hisce:
1009 3535 1196 3606 ‘uuqcsccute
1210 3534 1341 3608 ciritutc,
1363 3537 1434 3612 quio

288 3635 415 3695 deerant
429 3633 577 3708 quaedum
590 3650 705 3708 acuero
722 3636 846 3710 operui,
863 3651 922 3694 nou
935 3638 1137 3711 postmultum
1153 3639 1291 3712 temporis
1305 3639 1434 3713 spatium
1486 3650 1488 3658 ‘

289 3735 360 3796 Seu.
377 3734 479 3796 Aelius
494 3737 570 3797 otius
584 3738 714 3797 actiones
729 3741 891 3814 composuit
904 3748 937 3798 ct
952 3741 963 3798 i
969 3739 1090 3798 ibrum
1103 3737 1243 3814 populo
1261 3739 1365 3800 dedit
1385 3741 1437 3814 qui

288 3841 461 3914 appellatur
481 3841 527 3924 ius
546 3839 725 3900 Aelianum’.
756 3834 823 3903 Ubi
842 3859 883 3901 ne
905 3836 1014 3922 specie
1035 3835 1166 3924 quidem
1181 3837 1252 3902 veri
1273 3859 1433 3903 commen·
1484 3841 1487 3847 '

266 4134 270 4142 .
358 4092 379 4159 ¹)
398 4093 496 4144 Cicero
514 4092 548 4143 de
567 4108 606 4147 or.
623 4094 637 4143 1
654 4095 697 4158 45,
717 4096 774 4149 198.

357 4177 379 4242 ²)
397 4178 543 4230 Hnsehkio
561 4180 635 4230 viam
652 4181 830 4246 praeiverunt
850 4195 910 4232 cum
929 4181 979 4232 alii
1002 4185 1059 4232 turn
1082 4181 1201 4232 omnium
1225 4183 1434 4233 accuratissime

288 4264 449 4316 Vaassenus
467 4263 613 4319 Animadr.
632 4265 772 4319 hist-crit.
792 4264 826 4316 ad
844 4266 933 4317 fastos
952 4267 1135 4318 Romanorum
1155 4280 1249 4317 sacros
1267 4283 1294 4333 p.
1308 4267 1355 4316 161
1375 4281 1434 4331 sqq.
