3282 4970
241 295 301 362 106
392 307 394 312 '
657 307 770 356 cnrvr
794 306 971 369 ovnurvn.

324 468 395 532 Iam
412 487 586 533 veranum
608 461 843 529 absolutum
860 462 916 548 qui
939 460 1059 525 dicitur
1079 460 1303 526 ablativum
1323 465 1383 525 ‘or'-

239 576 295 634 neci
317 573 494 649 quandoque
512 571 631 646 sarptd’
650 567 837 650 incomptae
860 562 1080 628 decemvirum
1101 564 1200 627 aetati
1220 563 1384 650 imputare

238 670 351 752 liceat,
368 691 407 735 ee
422 670 462 735 de
478 691 513 733 re
528 667 737 734 vehementer
752 665 877 732 dubito.
915 665 1026 751 Atque
1041 685 1123 729 unus
1139 661 1272 752 quidem
1292 687 1383 750 repe-

238 774 322 837 ritur
342 775 376 837 in
391 772 585 856 fragmentis
602 770 666 836 abl.
688 767 859 835 absolutus
875 768 928 832 Ill
945 768 962 830 1
979 770 1078 831 ‘Aeris
1099 771 1230 844 confessi
1248 771 1383 832 rebas-

238 897 306 954 1111
321 879 504 939 tadinatis
520 870 620 958 (Gell.
632 871 699 936 XV
713 871 766 958 13)
783 894 807 935 s.
823 874 1008 948 rebusque
1023 876 1106 934 iure
1120 874 1306 934 iudicetis
1322 868 1383 954 (id.

239 976 309 1040 XX
325 975 358 1062 1)
379 979 480 1038 XXX
498 979 561 1038 dies
580 981 650 1038 iusti
668 979 774 1038 sunto?
823 973 870 1037 At
890 971 995 1058 qualis
1024 981 1074 1036 est
1093 973 1159 1036 ista
1179 971 1380 1038 coniunctio:

239 1083 348 1142 ‘Aeris
372 1081 514 1154 confessi
527 1081 710 1154 'rebusque
730 1074 931 1138 Iudleot'r's’?
954 1076 1023 1140 Aut
1043 1074 1099 1160 qui
1119 1053 1228 1161 potest
1251 1071 1383 1139 omnino

151 1190 153 1194 ’
238 1179 410 1266 genetivus
433 1187 528 1264 aptus
545 1177 685 1262 cogitari
705 1199 725 1240 a
740 1180 850 1238 ‘XXX
862 1181 937 1239 dies’
955 1213 993 1224 -
1010 1175 1100 1262 quod
1112 1175 1217 1242 voluit
1232 1174 1383 1262 Schweg·

238 1281 325 1346 lerus
348 1281 392 1346 H.
407 1281 447 1347 R.
465 1280 519 1345 III
533 1304 566 1367 p.
581 1280 623 1344 36
638 1301 669 1343 n.
689 1317 731 1324 -
750 1276 810 1342 tali
831 1278 977 1343 membro
1000 1299 1243 1364 supervacaneo
1263 1278 1382 1365 impor-

238 1394 317 1448 tune
331 1383 547 1469 interpoeito‘?
585 1378 649 1447 Sed
666 1380 816 1446 conferas
832 1401 955 1466 quaeso
976 1379 1096 1466 quibus
1112 1379 1223 1446 verbis
1236 1402 1314 1444 rem
1329 1377 1383 1444 de·

240 1485 354 1550 scribit
370 1484 496 1550 Gellius
512 1483 583 1548 XX
600 1485 634 1566 1,
649 1483 692 1547 42
711 1485 860 1558 ‘Confessi
879 1488 970 1560 letior
987 1489 1067 1546 aeris
1083 1503 1120 1546 ao
1140 1463 1258 1546 ltebr't'r‘
1279 1487 1384 1546 iudi-

240 1593 338 1652 catis
364 1590 463 1650 XXX
483 1591 546 1651 dies
570 1595 641 1649 suat
664 1591 730 1650 doti
752 1588 973 1664 conquirendae
996 1590 1144 1664 pecuniae
1170 1591 1293 1648 ooosa’:
1317 1583 1384 1656 iam

239 1687 409 1772 intelleges
425 1686 550 1775 pariter
564 1689 599 1751 in
613 1687 685 1772 lege
702 1692 867 1752 ‘iudicetis'
893 1686 1041 1751 dativum
1057 1709 1128 1752 esse
1150 1685 1193 1750 ad
1213 1708 1384 1773 personas,

239 1813 305 1854 non
318 1812 387 1870 res,
417 1797 619 1876 spectantem
640 1789 770 1854 atinde
796 1788 939 1876 pendere
959 1791 1056 1852 ‘uerte
1076 1789 1255 1876 consessiss)
1284 1828 1325 1838 -
1347 1798 1386 1853 ut

239 1891 328 1978 apud
341 1890 476 1958 Livium
491 1891 540 1956 VI
558 1893 598 1958 14
613 1896 830 1956 ‘Centurionem
845 1895 968 1956 nobilem
984 1896 1189 1956 iudicatam
1200 1885 1385 1970 pecuniae

238 2013 305 2058 rum
321 1998 392 2059 daei
406 1999 545 2080 uidisset,
562 1993 686 2060 XXIII
700 1995 740 2058 14
756 1997 1255 2074 ε1111111111111111111111
1268 2001 1299 2058 in
1313 2001 1384 2058 oin-

238 2103 314 2162 culis
338 2103 455 2162 essent?
494 2096 593 2178 Quod
617 2096 830 2163 confirmatur
845 2097 909 2162 Gai
935 2094 1120 2162 testimonio
1142 2091 1196 2159 III
1218 2097 1258 2161 78
1283 2099 1385 2160 ‘Bona

239 2209 337 2263 antem
352 2209 480 2271 veneunt
497 2236 540 2248 —-
560 2206 626 2264 Item
642 2202 1385 2279 11111111111111111111111111οά111111-

239 2309 301 2368 tim
322 2309 402 2380 Iope
416 2306 500 2365 XII
515 2307 730 2366 tentatorum
745 2308 861 2382 purtim
876 2307 973 2366 edicto
984 2307 1135 2381 praetoris
1156 2306 1199 2365 nd
1218 2303 1385 2380 expedien-

240 2408 658 2484 saepenominatam?
680 2404 722 2468 D.
739 2403 797 2485 44,
814 2405 849 2485 3,
866 2405 886 2467 2
908 2409 951 2468 ‘in
966 2414 1097 2484 tempore
1111 2411 1265 2469 constituto
1279 2408 1388 2467 tadi*-

239 2513 352 2571 oatis'
367 2529 395 2571 e.
412 2528 444 2593 q.
460 2530 486 2570 s.
525 2506 730 2592 Quamquam
745 2504 897 2592 pluralis,
919 2528 1016 2592 quem
1031 2507 1162 2592 quidem
1178 2505 1304 2570 Gellius
1326 2527 1386 2592 per

240 2617 343 2674 totam
359 2609 579 2674 narrationem
596 2617 721 2689 servat,
745 2609 779 2672 in
793 2607 869 2693 lege
882 2609 956 2694 ipsa
970 2609 1029 2674 vix
1043 2608 1205 2674 extiterit:
1234 2608 1326 2674 cuius
1341 2629 1385 2672 ex

240 2733 330 2774 more
345 2732 430 2775 unus
446 2710 583 2794 fingitur
598 2709 728 2777 debitor
741 2710 895 2776 inhisce:
920 2717 962 2774 ‘in
978 2714 1024 2775 ius
1044 2715 1152 2776 ductu.
1176 2718 1209 2776 ni
1222 2715 1385 2777 iudicatum

238 2817 329 2890 fircit’
345 2834 373 2876 e.
390 2834 420 2897 q.
437 2834 463 2876 s.
488 2816 657 2890 ‘rebusque’
673 2811 775 2897 igitur
790 2811 966 2880 manifesto
987 2811 1068 2877 ferri
1082 2813 1211 2900 nequit:
1240 2811 1328 2901 quod
1343 2836 1385 2878 ex

241 2919 411 2994 ‘debereque’
437 2914 616 2980 secundum
642 2916 786 3001 priorem
811 2913 921 2981 locum
950 2915 1003 2979 hic
1028 2937 1156 3002 quoque
1181 2917 1289 3003 posito
1316 2935 1383 2980 cor-

241 3026 374 3104 ruptum
393 3025 483 3082 recte
503 3016 679 3083 videbatur
700 3016 835 3083 Oiselio.
867 3016 920 3092 ,111
940 3027 1050 3082 autem
1071 3017 1140 3084 sive
1163 3016 1289 3083 Gellius
1315 3017 1385 3103 ipse

242 3118 371 3185 addidit
386 3119 473 3204 sive,
500 3119 588 3207 quod
602 3120 770 3205 praefero,
790 3118 1036 3206 interpolatoris
1052 3103 1190 3184 manus:x
1206 3119 1314 3205 alege
1329 3120 1384 3186 ab·

241 3225 374 3288 horrere
389 3221 582 3307 languidum
596 3223 854 3288 additamentum
869 3221 996 3315 pariter·
1007 3231 1105 3307 atque
1121 3229 1210 3286 ‘iure’
1232 3221 1320 3308 quod
1340 3220 1384 3286 al-

242 3335 312 3391 tero
328 3323 429 3388 Gellii
443 3324 515 3390 loco
531 3347 572 3388 nc
587 3335 755 3412 comparet
770 3319 902 3411 quidem
917 3323 1136 3389 certissimum
1150 3333 1210 3388 est.
1248 3325 1299 3389 Ac
1313 3345 1385 3411 pos-

243 3426 286 3491 sit
313 3425 430 3510 aliquis
452 3425 612 3510 suspicari
632 3427 732 3490 etiam
756 3431 926 3492 ‘iudicetis'
950 3425 1020 3490 sive
1035 3424 1130 3491 malis
1146 3431 1312 3492 ‘indicato’
1328 3425 1385 3491 ali·

243 3526 374 3616 quando
389 3526 635 3612 perspicuitatis
652 3550 770 3593 caussa
784 3527 948 3592 adiectum
964 3550 1035 3594 esse
1043 3577 1052 3612 ,
1074 3550 1149 3593 cum
1164 3551 1207 3593 cx
1227 3528 1300 3614 lege
1315 3528 1386 3594 XII

243 3629 314 3694 sine
325 3650 486 3716 personae
500 3629 666 3696 mentione
682 3629 873 3716 simpliciter
887 3630 1001 3695 fuerit:
1031 3634 1129 3696 ‘Aeris
1148 3635 1278 3708 confessi
1290 3635 1388 3696 XXX

243 3736 308 3796 dier
321 3737 392 3797 iuste·
404 3744 498 3796 sunto.
522 3736 592 3797 Post
606 3737 715 3798 deiude
729 3752 835 3796 monos
850 3738 967 3797 iniectio
981 3743 1062 3798 esto!

328 3833 445 3921 Itaque
459 3855 500 3898 ne
514 3833 570 3900 illo
586 3821 719 3922 quidem
733 3834 805 3901 loco
821 3837 924 3899 ‘vineo
938 3840 1059 3914 sarpto'
1075 3835 1240 3904 ablativus
1255 3857 1386 3922 magno-

243 3957 321 4024 pere
337 3957 372 4001 se
388 3925 611 4002 commendat:
638 3946 675 4003 ut
689 3936 743 4003 vel
757 3937 860 4003 tutius
876 3946 951 4023 post
967 3943 1106 4018 ‘sorpta'
1121 3938 1223 4002 fuisse
1239 3944 1343 4002 ‘escit'
1359 3960 1385 4002 s.

244 4045 323 4104 ‘erit’
343 4078 377 4086 —
395 4063 460 4105 non
476 4043 544 4113 uit,
560 4048 597 4104 ut
612 4039 698 4105 male
710 4040 891 4106 Cosmanus
907 4078 960 4123 —‚
976 4039 1101 4106 achto
1116 4041 1387 4127 praetermissum

245 4149 419 4206 statuatur.
453 4141 537 4206 Nam
559 4142 600 4207 dc
620 4142 693 4230 ipsa
714 4165 750 4233 re
776 4165 908 4228 prorsus
930 4143 1098 4210 consentio
1120 4165 1193 4207 cum
1213 4141 1386 4208 Huschkio
1421 4201 1423 4204 .

315 4361 334 4428 1)
354 4364 387 4416 111
405 4366 458 4419 hoc
476 4366 512 4422 cf.
524 4367 685 4420 Huschkius
703 4367 736 4418 de
754 4367 813 4419 iure
826 4368 890 4420 neri
907 4384 934 4433 p.
948 4369 1019 4451 1¹3n.
1033 4369 1073 4420 16.
1092 4366 1230 4421 secutur.
1244 4368 1276 4420 n.
1288 4383 1315 4436 p.
1328 4343 1386 4419 aet.
