3282 4970
667 269 806 328 bouvel
829 273 901 329 ιιιιῐ.
1290 255 1351 328 145
1409 241 1412 246 ’

293 425 374 497 uvo'r
391 482 423 498 ..
449 449 481 505 ιι
503 451 544 498 su
567 452 657 498 nuno
681 437 861 500 undenum
885 479 1056 498 ......
1080 448 1246 509 nunoovu
1269 450 1350 496 nno·

207 549 312 600 nuno.

151 690 156 698 ·
208 691 409 704 ———-..-

208 779 314 826 ‘noctu’
332 775 471 830 dixerunt.
506 776 600 827 Verba
619 777 689 827 haee
713 781 789 827 sunt:
809 778 873 829 ‘si.
888 813 914 826 ..
933 777 962 826 iu
984 777 1083 841 quibus
1103 775 1196 827 uerbis
1217 773 1248 825 id
1266 776 1351 826 etiem

206 859 368 920 notandum,
393 860 466 925 quud
488 861 523 911 ub
548 861 671 925 eoquod
697 865 739 912 est
757 862 812 912 ‘is’
832 877 888 912 nou
905 863 998 912 ‘eum’
1018 876 1085 911 essu
1108 861 1283 920 accusatius,
1303 859 1352 910 sed

207 946 267 994 ‘iro’
286 945 434 995 dixerunt!
447 945 496 1021 .⁰f·
517 944 624 996 Gellius
642 946 675 996 N.
686 937 722 997 A.
739 947 807 998 VIII
825 949 839 996 1
857 948 942 1000 inser.
963 947 1042 996 ‘item
1061 945 1131 1011 quod
1150 945 1301 996 decemuiri
1321 945 1351 994 iu

207 1030 262 1082 XII
279 1030 382 1080 tabulis
399 1045 453 1080 nox
470 1045 519 1094 pro
538 1035 622 1086 noctu
639 1029 785 1081 dixerunt'
810 1032 915 1082 Ennius
934 1033 963 1081 in
980 1031 1046 1083 XVI
1063 1030 1157 1084 annali
1179 1027 1215 1094 [u.
1233 1031 1284 1078 412
1302 1026 1349 1096 V.]

209 1130 253 1179 op.
272 1115 359 1164 Prise.
379 1129 404 1178 p.
425 1115 474 1164 724
492 1114 523 1163 Ρ.
543 1115 588 1164 ‘si
606 1113 691 1180 luci,
715 1117 744 1165 si
761 1132 840 1181 uox,
865 1117 889 1168 si
907 1132 981 1180 mox,
1001 1117 1099 1166 eiiam
1122 1115 1188 1166 date
1211 1115 1249 1165 sit
1271 1114 1353 1164 frux)

207 1197 311 1248 Paulus
329 1198 396 1248 Erre.
416 1214 441 1263 p.
456 1198 504 1248 103
522 1199 559 1248 Μ.
579 1199 631 1252 ‘im
649 1200 790 1264 ponebant
801 1216 850 1266 pro
869 1215 930 1250 eum
944 1216 961 1250 e
974 1201 1143 1250 nominatiuo
1156 1200 1200 1258 is.’
1225 1199 1262 1252 ef.
1280 1215 1306 1264 p.
1319 1200 1353 1248 47
1375 1185 1377 1190 ¹

209 1282 311 1332 callim.
325 1279 468 1332 Charisius
486 1298 512 1347 p.
525 1285 574 1334 133
586 1283 621 1332 Κ.
640 1284 693 1332 ‘im
710 1300 760 1348 pro
778 1300 848 1335 eum.
867 1300 931 1335 num
950 1285 991 1334 ita
1004 1285 1124 1335 Scaurus
1142 1284 1171 1332 in
1190 1287 1250 1334 erte
1263 1298 1352 1349 gram-

208 1369 312 1417 mutiee
335 1365 490 1432 disprrtsuit
507 1368 634 1432 antiquos
652 1367 689 1418 im
707 1383 774 1434 ques
792 1369 993 1438 huneeundem
1011 1368 1171 1435 siguificare
1191 1371 1352 1419 consuesse’

209 1468 231 1502 e.
246 1464 306 1516 q.s.
331 1450 524 1503 GlossLabb.
543 1453 591 1501 ‘im
610 1450 718 1503 αὐτόν)
743 1454 778 1504 ei.
793 1455 825 1504 ir.
840 1455 902 1505 X9.
929 1454 1036 1506 Gellius
1048 1455 1100 1504 XX
1114 1454 1244 1510 1,7‘nisi
1257 1454 1353 1502 durem

210 1551 271 1586 esse
290 1523 380 1601 legem
401 1539 498 1600 putus,
519 1549 589 1600 quae
610 1561 638 1604 .-
659 1540 821 1589 noeturnum
841 1546 933 1590 eutem
955 1539 1043 1589 furem
1066 1540 1124 1588 iure
1143 1537 1286 1591 incidendi
1303 1539 1354 1588 tri-

209 1618 283 1670 buit’
310 1618 358 1682 (ito
379 1619 442 1684 liep.
469 1620 543 1670 Voss.
565 1623 639 1670 moi:
662 1623 704 1672 ius
728 1622 872 1673 occidenti
893 1621 1049 1688 [occidendi
1071 1624 1145 1674 Voss.
1163 1621 1232 1688 mim]
1255 1628 1288 1676 tr.
1307 1629 1351 1674 ott.

208 1706 366 1756 correctione
389 1721 440 1754 nou
460 1707 540 1755 minue
561 1706 660 1756 vitioso.
697 1709 774 1758 ‘iure
796 1711 840 1758 in’
860 1725 895 1758 eu
916 1710 1028 1772 repetitu
1049 1724 1109 1759 uoce
1133 1708 1254 1758 ‘furem’
1272 1714 1354 1757 ortum

207 1792 320 1852 uidetur,
342 1790 423 1838 mutim
445 1791 537 1853 ipitur:
554 1794 629 1840 noct.
646 1807 672 1840 a.
691 1791 711 1840 f.
730 1791 875 1842 occidendi
893 1793 1006 1843 tribuit
1023 1792 1098 1856 ius).

278 1876 318 1924 12.
338 1874 436 1926 Cicero
456 1889 493 1925 or.
507 1890 533 1939 p.
547 1873 620 1929 Tull.
633 1876 665 1924 21
684 1875 746 1936 §50
764 1875 892 1941 ‘Furem‚
911 1877 963 1926 boe
982 1880 1025 1927 est
1041 1875 1208 1942 praedonem
1222 1881 1251 1926 et
1267 1874 1353 1926 lutro-

208 1974 285 2018 nem,
304 1959 367 2009 luee
386 1957 477 2008 occidi
499 1963 597 2009 uetant
619 1959 674 2008 XII
696 1959 823 2010 tabulae:
849 1975 910 2010 uum
931 1961 1006 2010 intre
1028 1961 1149 2026 parietes
1168 1966 1229 2011 tuos
1247 1961 1354 2012 hostem

210 2044 392 2094 certissimum
410 2047 521 2106 teneus,
546 2042 633 2093 ‘nisi
652 2058 687 2094 se
711 2044 782 2095 telo
805 2043 989 2111 defendit’,
1014 2046 1117 2110 inquit:
1142 2046 1228 2097 etiam
1251 2048 1276 2093 si
1293 2060 1354 2094 oum

208 2128 266 2181 telo
283 2128 406 2189 uenerit,
425 2127 479 2176 nisi
497 2132 590 2177 utetur
612 2127 669 2178 telo
693 2144 726 2180 eo
750 2145 783 2180 ac
806 2129 987 2195 repugnabit,
1001 2137 1065 2181 ‘nou
1088 2129 1213 2191 sedidem
1235 2127 1307 2193 quod
1331 2130 1355 2178 si

209 2218 359 2279 repugnat,
383 2211 466 2269 endo
490 2211 640 2281 plereto:
663 2213 717 2265 hou
742 2219 785 2265 est
808 2213 998 2278 conclamato,
1020 2217 1052 2264 ut
1075 2213 1163 2278 aliqui
1187 2214 1303 2264 audiant
1327 2217 1360 2262 et,

209 2293 399 2349 conueniunt!
434 2297 471 2347 ib.
490 2297 506 2358 ξ
523 2299 556 2347 47
575 2297 675 2362 ‘Atque
693 2297 743 2348 ille
766 2298 856 2363 legem
875 2298 942 2348 mihi
965 2297 999 2348 de
1021 2298 1076 2348 XII
1094 2297 1196 2352 tubulis
1220 2297 1353 2348 recitauit

209 2399 281 2448 quae
295 2383 443 2448 permittit,
462 2386 494 2431 ut
504 2381 593 2432 iurem
605 2387 691 2433 noctu
708 2383 795 2433 liceat
807 2384 934 2434 occidere
953 2386 982 2432 et
999 2382 1086 2441 luci,
1105 2384 1134 2432 si
1152 2397 1186 2434 se
1205 2382 1276 2433 telo
1295 2382 1354 2432 de·

209 2467 350 2520 tendet)
378 2466 413 2516 ef.
432 2467 500 2528 548.
520 2467 580 2528 §m
596 2462 706 2533 (fragm.
723 2471 863 2518 seruatum
876 2467 950 2533 apud
968 2466 1143 2518 Rufinianum
1159 2467 1195 2518 de
1213 2467 1258 2533 fig.
1278 2471 1349 2518 sent.

208 2555 224 2615 ξ
242 2556 259 2604 8
276 2567 302 2618 p.
315 2555 364 2603 201
376 2550 485 2604 Ruhuk.
505 2553 539 2601 40
551 2551 664 2616 Helm).
690 2551 781 2603 Schol.
800 2552 864 2602 vat.
883 2553 919 2603 ed
933 2568 971 2605 or.
992 2569 1019 2620 p.
1031 2552 1089 2603 Mil.
1109 2556 1134 2613 3,
1152 2553 1177 2605 6.
1200 2580 1231 2589 -
1251 2554 1351 2603 Festus

209 2653 235 2703 p.
254 2639 304 2688 309
327 2637 364 2687 M.
388 2635 455 2686 ‘sub
478 2651 529 2686 uos
552 2637 633 2700 plueo
657 2637 687 2686 in
708 2637 836 2701 precibus
859 2637 917 2688 lere
937 2653 998 2688 eum
1023 2637 1138 2701 dieitur,
1163 2636 1302 2703 signifieat
1324 2635 1353 2685 id

210 2721 282 2786 quod
306 2721 449 2789 supplico,
475 2722 558 2772 utin
580 2719 690 2786 legibus
712 2726 846 2786 transque
870 2721 935 2773 duto
964 2726 992 2774 et
1020 2723 1173 2787 endoque
1195 2722 1353 2788 plorato!

210 2806 313 2856 Paulus
332 2822 358 2871 p.
372 2807 404 2856 m
422 2807 459 2856 Μ.
478 2805 734 2871 ‘Endoploreto
756 2806 902 2872 implorato
922 2806 993 2872 quod
1010 2811 1054 2858 est
1073 2823 1133 2858 eum
1152 2806 1295 2873 questione
1313 2807 1354 2856 in·

211 2892 354 2942 clamere)
385 2889 683 2942 Gloos.Mai.vl1560
701 2891 945 2957 ‘eudoploreto
963 2892 1131 2957 implorato)
1160 2891 1250 2944 Gloss.
1262 2892 1352 2942 Lubb.

210 2975 458 3040 ‘endoploruto
481 2973 669 3026 ἑπικάλε(ον.’
710 2975 796 3026 seius
819 2975 967 3027 111111
986 2975 1037 3025 Ed.
1061 2991 1138 3041 prou.
1169 2977 1205 3027 D.
1231 2977 1260 3038 9,
1283 2978 1312 3039 2,
1337 2979 1355 3026 4

210 3063 226 3123 ἕ
245 3065 259 3111 1
278 3062 354 3112 ‘Lex
371 3059 516 3110 duodecim
535 3059 691 3110 tabularum
714 3048 904 3110 furem'noetu
920 3059 1121 3125 deprehensum
1145 3061 1272 3111 occidere
1295 3074 1356 3124 per-

210 3146 311 3207 mittit,
330 3149 360 3194 ut
378 3150 472 3194 temen
489 3143 517 3194 id
535 3145 624 3208 ipsum
644 3160 705 3194 eum
723 3143 844 3196 elamore
862 3143 1041 3206 testificetur3
1060 3144 1182 3195 interdiu
1201 3148 1293 3194 eutem
1306 3142 1355 3193 de-

210 3230 375 3296 prehensum
386 3229 430 3281 itu
446 3230 584 3295 permittit
602 3213 738 3292 occidere,
757 3229 780 3280 si
798 3230 824 3279 is
843 3244 873 3279 se
892 3228 948 3280 telo
961 3229 1102 3290 defendet,
1116 3233 1147 3278 ut
1158 3234 1251 3281 tamen
1265 3215 1354 3293 eequ'e

212 3329 273 3365 cum
292 3314 412 3365 clamore
431 3311 616 3367 testificetur!
652 3313 758 3364 Gellius
770 3315 803 3369 N.
817 3313 849 3363 A.
862 3313 901 3363 XI
920 3315 963 3378 18,
982 3315 1050 3380 deq.
1070 3313 1244 3364 ‘Decemuiri
1262 3316 1354 3362 eutem

211 3400 300 3453 nostri
326 3399 373 3465 qui
395 3403 458 3465 post
480 3413 560 3464 reges
579 3402 691 3450 exactos
709 3399 788 3464 leges
813 3396 912 3463 quibus
935 3398 1052 3464 populus
1070 3399 1207 3450 Romanus
1230 3402 1355 3448 uteretur

212 3483 242 3533 in
259 3483 313 3534 XII
330 3482 434 3534 tubulis
452 3484 636 3548 seripserunt,
659 3499 750 3550 neque
768 3485 830 3549 peri
848 3484 1002 3535 seueritate
1027 3485 1057 3532 in
1080 3482 1242 3548 poeniendis
1260 3483 1354 3548 itaque

213 3565 274 3632 (del.
290 3569 338 3620 too
350 3569 472 3619 Hertziru
484 3570 511 3618 iu
522 3567 584 3633 lieo.
602 3569 677 3619 Voss.
694 3570 753 3622 moi.
765 3569 867 3633 Frapm.
881 3567 963 3620 Bern.
977 3575 1117 3631 seruum,
1132 3567 1197 3631 fort.
1216 3571 1232 3619 t.
1252 3565 1352 3631 seque)

212 3655 330 3704 omnium
349 3668 479 3719 generum
497 3653 605 3704 iuribus
624 3669 712 3718 neque
731 3653 848 3704 remissa
866 3653 948 3702 nimis
969 3651 1087 3703 leuitate
1110 3653 1155 3702 usi
1178 3655 1249 3704 sunt.
1284 3651 1354 3702 Num

212 3738 315 3804 turem,
334 3739 380 3804 qui
398 3739 547 3790 manifesto
566 3739 640 3789 furto
662 3753 778 3804 prensus
796 3743 886 3799 esset,
905 3742 962 3787 tum
980 3735 1088 3788 demum
1111 3736 1202 3787 occidi
1223 3736 1355 3800 permise-

298 3960 346 4020 12.
370 3956 407 4042 si]
424 3963 478 4021 nisi
494 3961 593 4022 Cicero
602 3983 636 4036 p.
653 3962 866 4041 Pultprobuut
880 3966 1011 4033 Beierus,
1027 3959 1205 4030 Husotlcius,
1224 3958 1356 4019 Orotlr'us.

213 4047 355 4122 Ciceroni,
377 4067 434 4106 nou
454 4051 510 4122 lupi
528 4069 554 4108 u.
577 4051 630 4106 nisi
650 4051 800 4116 teneros,
818 4057 905 4108 totum
920 4051 1074 4108 membrum
1089 4050 1228 4123 Baiterus
1248 4048 1355 4104 tribuit.

212 4135 333 4193 defendit
352 4137 415 4191 cod.
434 4137 533 4191 Toum:
554 4133 682 4199 defendet
696 4135 835 4192 Buiterus
856 4135 1008 4192 detenderit
1022 4136 1193 4209 Peprom'tu.
1272 4130 1356 4188 eudo-

213 4238 266 4295 que
281 4221 389 4296 plorato
406 4221 483 4276 Fert.
497 4236 527 4291 p.
544 4223 616 4276 309:
636 4221 706 4276 endo
722 4221 830 4294 plorato
852 4221 951 4278 Cicero
967 4219 1078 4278 Paulus
1094 4239 1125 4292 p.
1144 4224 1179 4276 77
1203 4213 1294 4276 Gtoss.
1316 4216 1356 4290 cs.
1414 4215 1416 4218 ’
1446 4249 1450 4256 ·

213 4306 383 4363 Empticius
397 4309 426 4361 in
443 4306 468 4362 Ι.
486 4306 518 4362 G.
535 4301 679 4365 Huscttcu
692 4307 774 4363 Ausul.
790 4308 841 4362 titt.
854 4323 884 4378 p.
902 4311 967 4364 172.

264 4409 385 4462 Schoell‚
400 4409 464 4463 logis
477 4409 517 4452 llll
531 4410 579 4452 tab.
595 4407 656 4466 reliq.
1114 4400 1154 4471 10
