3282 4992
284 303 326 369 60
706 317 818 366 orrvr
841 317 1006 365 runrivu.

284 473 336 538 nis
352 471 421 539 loco
438 493 485 536 or.
501 495 533 559 p.
551 471 694 536 caecina
712 471 761 553 19,
777 471 821 536 54
836 475 876 536 ‘si
889 475 989 534 alaisa
1002 476 1170 540 interualla,
1192 473 1270 535 iuhel
1282 469 1344 554 (sc.
1360 467 1428 556 lex)

285 596 345 656 pua
361 580 429 639 uelit
443 595 535 654 apere
549 579 720 640 iumentum’
738 573 820 659 (VII
836 571 881 658 7).
896 612 938 620 —
953 573 1101 637 Eandem
1116 571 1218 656 igitur
1233 569 1429 636 sententiam

284 676 481 742 recentiores
505 675 610 742 critici
632 699 674 741 ex
694 675 856 760 corruptis
878 675 970 742 Festi
989 673 1101 740 verbis
1119 672 1177 738 alii
1197 671 1291 738 aliter
1313 670 1429 738 elicere

284 779 391 844 conati
407 787 499 860 sunt,
516 790 652 866 arrepta
668 801 741 844 cum
756 776 894 843 Pithoeo
910 776 1006 843 Pauli
1021 776 1132 862 glossa
1147 799 1179 862 pl
1194 775 1234 840 21
1252 780 1431 854 ‘Aasepaes

285 887 426 948 dieualur
441 901 566 962 qaorum
581 902 656 960 aper
671 889 749 947 eiam
764 889 859 960 lappil
864 887 893 955 ',·
914 903 988 945 cum
1003 880 1042 946 Ο.
1059 876 1237 944 Muellerus
1253 886 1430 964 praeeunte

287 1007 329 1050 ex
344 991 438 1070 parte
453 983 609 1049 Dacierio
632 985 820 1049 restitueret
841 983 887 1070 (p.
902 983 954 1048 21..
971 983 1064 1067 370):
1088 985 1267 1060 ‘Amsepeles
1282 986 1347 1046 aius
1361 1001 1429 1046 rau-

285 1083 402 1163 aiaal0‚
424 1090 563 1151 duleum
588 1092 707 1166 lapides
731 1096 834 1162 escual
861 1085 961 1170 (esunt
979 1081 1093 1168 Dae.):
1123 1091 1157 1148 al
1169 1088 1349 1162 munierint,
1370 1103 1430 1161 aaa

285 1195 373 1270 aelel,
390 1195 520 1254 iumenta
535 1193 645 1267 apilo';
660 1187 852 1255 Huschkius
869 1189 917 1276 (in
931 1185 1082 1252 Muelleri
1094 1185 1304 1273 SupplAnn.
1317 1184 1429 1272 p.414.

285 1289 407 1356 Annal.
429 1289 490 1356 iur.
512 1291 625 1358 scient.
643 1291 757 1356 histor.
774 1291 846 1357 XII
861 1290 923 1356 393
939 1290 1025 1378 sqq.)
1047 1295 1100 1354 ‘Ni
1124 1297 1188 1353 alar
1208 1294 1357 1367 muniunt,
1379 1293 1431 1366 qui

286 1400 340 1457 uiis
355 1402 516 1471 amsepeles
531 1407 612 1466 sual,
635 1415 694 1474 qua
715 1401 803 1470 uolet,
825 1400 955 1458 iumenta
975 1400 1093 1472 apilo';
1115 1391 1279 1478 Bergkius
1296 1389 1429 1476 (Annal.

285 1497 350 1562 iur.
366 1495 481 1562 soient.
496 1495 572 1561 hist.
589 1497 672 1563 XIV
690 1497 765 1582 144)
786 1499 854 1560 ‘Am
876 1505 987 1575 sepcies
1001 1496 1026 1580 ¹)
1049 1502 1112 1560 aias
1133 1499 1324 1560 muaiualod:
1344 1515 1378 1558 eo
1398 1500 1431 1558 ai

285 1605 355 1663 saal
366 1603 483 1679 lapides
497 1609 566 1663 sual
585 1620 644 1678 pua
660 1621 685 1663 a.
701 1606 720 1664 i.
737 1607 780 1662 a’
811 1600 938 1664 Verum
957 1598 1008 1663 his
1031 1598 1175 1686 palmam
1198 1597 1226 1662 si
1246 1595 1343 1664 modo
1365 1619 1429 1664 me-

285 1711 421 1766 ruerunt
436 1702 571 1788 eripuit,
588 1701 644 1788 qui
664 1723 769 1788 nuper
788 1703 883 1767 novis
905 1701 1060 1770 subsidiis
1082 1702 1263 1766 instructus
1278 1699 1365 1765 hunc
1385 1699 1429 1764 lo-

287 1826 360 1868 cum
386 1805 544 1870 tractavit
569 1804 792 1869 Mommsenus
821 1803 941 1888 l‘Festi
967 1803 1039 1869 cod.
1068 1803 1239 1889 quaternio
1265 1801 1367 1867 XVI’
1396 1805 1432 1868 in

287 1905 904 1973 Commentat.societsserola.1864
925 1929 956 1992 p.
973 1905 1043 1992 85):
1067 1905 1119 1970 oui
1139 1895 1203 1969 non
1226 1903 1330 1970 solum
1351 1907 1431 1970 haec
1527 1903 1529 1908 ’

288 2008 391 2075 verba
406 2010 526 2074 rectius
542 2008 742 2074 constituere
750 2057 759 2090 ,
776 2008 836 2074 sed
851 2009 951 2074 etiam
966 2031 1007 2072 ex
1022 2006 1186 2094 prioribus
1209 2007 1290 2072 mire
1311 2006 1431 2074 lacera·

288 2111 331 2178 tis
348 2111 454 2177 bonae
468 2111 574 2197 frugis
596 2111 722 2199 aliquid
745 2111 788 2176 ad
808 2110 913 2196 legem
934 2111 1005 2178 XII
1024 2120 1172 2196 repetere
1192 2110 1339 2195 contigit.
1370 2109 1433 2177 Est

288 2214 375 2278 enim
389 2212 547 2278 librorum
558 2237 644 2302 quos
661 2213 695 2277 in
711 2213 883 2278 eonsilium
905 2212 958 2278 ille
973 2213 1109 2279 vocavit
1131 2211 1306 2298 singularis
1327 2212 1360 2278 in
1382 2211 1431 2276 his

289 2315 524 2402 discrepantia,
541 2317 672 2402 qualem
688 2316 886 2403 descriptam
902 2315 1043 2382 subieci:
1139 2369 1141 2380 ,
1230 2351 1242 2376 x

233 2589 237 2597 ,
310 2518 533 2592 Vaticanus
556 2519 638 2584 2731
726 2520 987 2586 Victorianus
1009 2534 1040 2584 θ’
1129 2519 1384 2586 Ursinianus.

338 2621 631 2714 etLeidensiss
709 2620 1042 2688 Politianilibro.

217 2788 219 2793 ·
299 2763 371 2841 Viae
398 2768 466 2821 sual
486 2769 514 2821 el
530 2765 673 2838 puplicae
708 2765 779 2824 Viae
793 2773 861 2823 sual
875 2770 903 2822 el
913 2763 1053 2838 publicae
1088 2764 1161 2823 Viae
1174 2769 1243 2822 saal
1256 2769 1285 2822 el
1296 2763 1435 2838 publicae

289 2871 319 2924 el
359 2865 498 2939 priuatae
530 2867 674 2940 puplicae
698 2883 755 2942 per
767 2909 877 2926 .....
894 2865 1054 2925 eomailas
1077 2883 1136 2941 per
1158 2865 1436 2926 ....eomaibas

287 2983 346 3042 per
371 2983 447 3044 quas
472 2967 518 3026 ire
542 2967 674 3027 omnibus
698 2971 767 3029 licei
785 2975 814 3028 el
825 2970 966 3044 priualae
985 2969 1055 3042 pai·
1079 2971 1149 3028 licei
1171 2969 1310 3043 prioalae
1330 2967 1436 3041 pullas

290 3071 368 3129 licei
390 3070 529 3145 priuatae
569 3070 674 3144 quihus
700 3072 752 3132 aas
772 3073 915 3132 aemiaem
936 3073 1001 3131 uli.
1020 3115 1027 3130 .
1047 3113 1055 3129 .
1081 3072 1198 3130 uelitum
1210 3071 1255 3129 uli
1265 3113 1274 3130 .
1291 3113 1299 3130 .
1317 3081 1436 3145 ,prue-

292 3173 404 3232 aemial
437 3179 466 3231 el
500 3173 558 3232 liae
597 3173 676 3232 VIII
697 3185 821 3250 praeter
846 3191 948 3234 eorum
977 3190 1054 3248 quo·
1081 3179 1127 3232 ter
1167 3187 1268 3232 eorum
1311 3185 1437 3246 quorum

288 3275 383 3350 pedes
397 3275 674 3356 ialaliladlaeiare
700 3293 766 3336 ruat
787 3283 855 3337 sual
875 3283 904 3336 el
922 3279 964 3336 lla
984 3277 1055 3352 pri·
1081 3277 1316 3350 saalpriaalae.
1330 3318 1338 3335 .
1352 3318 1360 3334 .
1374 3276 1437 3334 uias

292 3384 322 3436 el
336 3379 400 3450 lepe
411 3379 556 3451 puplicae
571 3395 669 3452 quaa·
700 3387 786 3439 valae
799 3423 823 3439 ..
837 3381 1054 3440 clasmaaiua-
1082 3381 1234 3438 malaiaalo
1291 3377 1437 3436 dionisam

292 3485 353 3537 lum
364 3481 443 3538 ralia
453 3485 485 3537 ul
495 3482 587 3539 letalis
599 3497 673 3554 per·
701 3488 728 3542 lo
742 3483 888 3542 omsamdi
901 3483 1056 3557 lapidas..
1082 3481 1199 3556 lapides
1214 3486 1353 3554 sualqua
1365 3481 1439 3539 uolet
1470 3481 1473 3485 '

292 3581 379 3640 millii
406 3582 457 3640 lex
487 3581 566 3640 iudei
593 3581 677 3642 XVI
701 3588 1057 3658 sualqaauolelcaraalo
1083 3586 1213 3644 iamealu
1228 3586 1316 3658 aprio.

265 3673 268 3680 ’
293 3683 328 3742 X
329 3683 417 3758 'une
427 3683 521 3758 pedes
535 3701 597 3744 esse
612 3687 675 3744 aias
701 3693 794 3762 apelo.
1158 3679 1166 3701 '

294 3792 327 3845 ul
354 3787 407 3860 qui
441 3787 505 3844 vias
540 3789 677 3846 maaiual

295 3876 435 3949 onisaiall
462 3889 583 3964 lapidas
616 3905 676 3962 pua

295 3993 370 4051 aolel
389 3993 516 4051 iumealo
536 3992 678 4063 (iamealo

303 4095 342 4170 V)
358 4096 448 4168 opilo.

295 4271 498 4285 ...--,....-..

365 4385 387 4452 ¹)
405 4388 449 4438 Ita
467 4389 523 4438 iam
540 4386 599 4437 Ian.
621 4403 637 4437 a
656 4385 741 4438 Costa
759 4386 788 4438 in
806 4385 978 4445 Meermanni
996 4383 1079 4435 Thea
1099 4383 1113 4437 1
1132 4385 1189 4436 ⁷05.
