3282 4992
383 264 432 316 nn
454 269 504 316 xu
529 269 742 318 ‘rnnvnnavn
765 269 943 330 anniovus
966 269 1214 320 conprensum.
1322 251 1361 318 71

218 425 313 506 fecit,
330 422 387 489 ubi
402 423 509 511 prima
523 423 662 487 ‘hostis'
678 423 711 486 in
732 422 804 508 lege
826 423 916 488 facta
937 423 1057 488 mentio
1080 431 1142 488 est.
1173 424 1276 512 Atqui
1295 425 1362 490 iam

218 527 254 592 Il
275 529 296 590 2
321 527 501 613 praecessit
522 533 632 590 ‘stolus
651 530 715 589 dies
734 547 799 589 com
821 531 935 589 hoste’.
961 524 1059 611 idque
1079 525 1187 611 ipsum
1212 537 1361 613 spectare

218 629 339 694 Gaium
355 627 500 694 ostendit
514 625 726 714 reliquiarum
742 627 812 691 eius
826 628 862 692 in
876 626 1023 712 Digestis
1045 625 1164 708 series,
1186 627 1220 692 in
1240 628 1360 713 quibus

217 740 309 817 post
324 728 575 816 explicationem
591 730 681 794 vocis
698 734 808 793 ‘hostis’
825 737 1005 814 sequuntur
1020 737 1133 793 notata
1148 727 1191 793 ad
1206 735 1361 809 ‘locuples’
1448 763 1452 772 ·

219 830 287 916 (ΙΙΙ
301 831 336 917 3)
354 841 386 896 et
401 837 521 896 ‘vicere’
539 830 665 916 (1114).
696 831 770 913 Qua
784 853 820 895 re
834 851 899 894 non
916 828 1019 893 solum
1035 829 1195 896 Dirkscni
1212 829 1251 894 dc
1271 828 1359 896 illius

217 932 393 1019 fragmenti
409 932 505 1016 sede,
527 933 586 999 sed
607 942 677 999 tota
697 934 737 998 de
754 931 820 998 Gai
841 954 900 996 sex
920 930 1014 997 libris
1030 930 1074 996 ad
1095 931 1202 1016 legem
1222 931 1359 1017 singulis

215 1034 310 1101 binas
326 1034 456 1101 tabulas
472 1034 651 1122 complexis
668 1034 778 1122 opinio
795 1033 931 1098 mirifice
946 1032 1174 1099 labefactatur.

302 1137 387 1201 Tum
401 1137 519 1222 fragm.
538 1137 623 1202 IV4
645 1137 685 1202 de
705 1137 831 1201 infante
850 1137 886 1200 in
908 1136 1021 1200 decem
1041 1135 1208 1202 mensibus
1223 1147 1301 1202 nato
1317 1135 1359 1201 le-

216 1238 331 1322 gitimo
353 1261 418 1304 non
440 1238 554 1304 dubito
577 1261 650 1303 cum
670 1237 834 1325 plerisque
855 1247 930 1302 ante
950 1235 1156 1302 Dirksenum
1174 1236 1359 1304 editoribus

215 1340 282 1404 iuri
296 1340 505 1423 hereditario,
522 1341 609 1427 quod
624 1344 737 1427 quinta
753 1340 822 1404 eius
838 1337 952 1405 tabula
966 1339 1164 1420 continetur,
1180 1339 1359 1405 vindicare.

97 1466 100 1470 ·
216 1441 304 1506 Huic
319 1445 403 1508 enim
419 1452 452 1508 et
465 1441 626 1529 Ulpianus
643 1441 790 1526 assignat
806 1450 890 1522 ‘post
904 1445 1004 1504 decem
1019 1461 1133 1508 menses
1151 1447 1253 1506 mortis
1272 1455 1362 1507 nutus

113 1619 116 1627 Ι
216 1563 274 1608 non
286 1549 460 1608 odmtuaur
475 1550 519 1608 ad
537 1551 697 1624 lepttimom
712 1547 922 1608 hereditatem'
938 1553 972 1608 et
992 1543 1066 1629 ipsa
1080 1542 1181 1608 Gellii
1203 1541 1359 1625 narratio,

215 1645 302 1712 unde
324 1645 537 1714 diiudicanda
556 1669 616 1712 nec
636 1669 695 1732 per
716 1669 752 1711 se
772 1645 1010 1711 consideranda
1031 1655 1108 1712 sunt
1134 1647 1236 1712 verba
1261 1646 1358 1733 paulo

215 1748 350 1815 liberius
377 1749 486 1836 posita
505 1785 547 1796 —-
567 1770 651 1835 quae
671 1748 808 1814 nimium
833 1749 956 1834 pressit
976 1747 1165 1814 Dirksenus
1185 1770 1217 1835 p.
1233 1747 1297 1813 224
1318 1787 1360 1798 —-

216 1857 367 1929 ‘quoniam
382 1856 542 1914 decemviri
554 1857 585 1915 to
602 1856 704 1915 decem
719 1853 865 1914 mensibus
876 1856 963 1928 aioni
981 1855 1125 1914 hominem
1140 1871 1199 1914 noo
1215 1856 1245 1914 in
1261 1855 1359 1915 unde-

215 1958 512 2032 circumissent?
1008 2013 1012 2020 ,

301 2054 424 2119 Contra
438 2052 543 2139 legem
559 2053 600 2118 de
616 2053 796 2119 divortio
811 2075 832 2118 a
845 2053 1015 2118 Dirkseno
1030 2074 1221 2139 oppressam
1235 2062 1273 2120 ut
1284 2077 1358 2120 cum

217 2155 422 2224 Gothofredo
438 2157 473 2220 in
488 2156 537 2222 VI
553 2157 621 2222 tab.
637 2155 831 2238 obiicerem,
851 2179 918 2221 non
938 2176 990 2219 me
1011 2155 1138 2221 moveri
1153 2176 1270 2240 passus
1287 2179 1358 2222 sum

217 2259 280 2324 (iai
296 2257 484 2325 testimonio
500 2281 542 2323 ex
556 2257 577 2322 l.
594 2259 647 2323 ΙΙΙ
663 2257 706 2323 ad
722 2257 828 2344 legem
844 2256 958 2322 allato:
983 2278 1156 2343 quaecum
1171 2255 1214 2321 ad
1235 2278 1287 2322 res
1302 2257 1359 2322 do-

215 2361 368 2427 mesticas
380 2355 546 2446 'pertineat
560 2359 628 2425 tab.
645 2360 694 2424 IV
708 2369 885 2442 tractatas,
906 2359 953 2424 ibi
964 2358 1098 2424 ‘inserui
1113 2358 1164 2423 IV
1178 2359 1209 2423 3.
1239 2357 1358 2424 Eidem

216 2472 325 2530 autem
340 2461 473 2529 tabulae
488 2485 566 2526 num
583 2463 682 2527 etiam
697 2470 908 2550 praeceptum
929 2460 969 2526 de
991 2458 1205 2547 usurpatione
1223 2481 1283 2546 per
1302 2461 1358 2534 tri·

215 2565 358 2630 noctium
374 2562 436 2648 (VI
447 2564 482 2647 4)
498 2564 619 2629 rectius
636 2563 854 2644 adscribatur,
869 2563 984 2650 quaeri
999 2561 1107 2650 potest
1122 2584 1196 2627 cum
1207 2559 1358 2648 Schweg·

215 2667 283 2733 lero
298 2666 342 2732 H.
359 2667 398 2731 R.
415 2665 468 2731 III
482 2689 514 2753 p.
530 2666 619 2730 3011.
637 2667 667 2729 2.
690 2663 733 2730 cf.
750 2675 859 2730 tamen
875 2665 991 2730 Dirks.
1007 2687 1041 2751 p.
1056 2664 1128 2730 225.
1144 2663 1218 2729 419.

299 2768 452 2856 Denique
478 2767 560 2854 legis
587 2765 811 2834 conclamatae
836 2767 877 2832 de
903 2767 1117 2832 senatibus
1148 2775 1182 2830 et
1209 2765 1357 2855 spretis

216 2871 298 2958 (15)
314 2879 509 2956 argumento
524 2877 648 2934 mutato
664 2867 758 2934 sedes
775 2870 903 2955 quoque
918 2866 1076 2934 mutanda
1091 2876 1148 2933 est.
1165 2866 1273 2950 Quam
1285 2889 1357 2954 pro·
1380 2949 1384 2956 ι

147 3051 157 3062 .
215 2973 371 3041 habiliter
389 2993 494 3059 nuper
514 2969 707 3036 Huschkius
730 2969 785 3054 (de
806 2971 877 3034 iure
892 2970 969 3037 nexi
983 2993 1016 3058 p.
1031 2969 1095 3035 255
1115 2969 1158 3034 cf.
1175 2969 1243 3034 Iur.
1258 2969 1357 3034 antei.

214 3099 248 3161 p.
263 3075 319 3161 26)
335 3074 483 3140 restituit
497 3074 558 3138 ita:
577 3077 673 3137 ‘Neai
685 3078 885 3152 mancipiique
900 3092 966 3136 cum
976 3093 1013 3150 p.
1028 3075 1066 3134 B.
1082 3075 1161 3135 idem
1171 3075 1251 3148 sorti
1263 3092 1359 3136 sona-

153 3189 156 3195 '
214 3182 309 3256 lisque
321 3197 416 3256 supro
432 3179 576 3254 infraque
595 3181 642 3238 tus
656 3179 727 3238 esto’
743 3211 785 3223 --
801 3173 844 3236 cf.
857 3173 947 3237 ,infra
962 3194 1015 3259 ap.
1031 3173 1166 3238 Festum
1181 3194 1214 3258 p.
1229 3171 1290 3236 321
1307 3193 1357 3258 sq.

213 3284 343 3356 sor(ctos
361 3285 549 3357 sanatisque)
572 3283 649 3342 duos
672 3282 769 3355 pontis
786 3280 945 3352 finitimum
961 3278 1058 3351 fuisse
1078 3286 1176 3338 censet
1196 3278 1234 3337 de
1252 3279 1358 3352 quihus

136 3431 139 3436 -
214 3389 323 3461 temera
337 3386 417 3444 hooc
431 3385 590 3460 scripum
604 3399 667 3443 esse
681 3398 741 3457 quo
754 3386 904 3458 cautum,
925 3387 958 3440 ut
976 3381 1010 3441 id
1022 3381 1068 3440 ius
1089 3371 1249 3456 munIctpit
1266 3382 1357 3440 next-

121 3539 127 3546 .
215 3505 272 3564 que
292 3479 372 3562 qaod
388 3489 532 3562 populus)
553 3485 591 3546 R.
612 3485 763 3545 traherent.
774 3479 797 3565 ¹)
839 3480 955 3566 Itaque
976 3501 1050 3544 oum
1071 3477 1138 3542 iam
1164 3500 1229 3544 non
1253 3477 1357 3564 accipi

284 3723 304 3789 ¹)
323 3725 363 3775 ita
381 3723 527 3789 ingeniose
546 3722 718 3783 Huschkins,
747 3737 809 3772 cum
830 3721 953 3787 suppleri
976 3719 1067 3770 soleat
1090 3722 1188 3770 antea:
1207 3722 1249 3769 ‘ut
1270 3717 1299 3769 id
1319 3720 1358 3770 tue

215 3812 349 3874 aaronisesto
368 3810 437 3876 quod
452 3826 479 3875 p.
499 3809 529 3860 lt.
547 3809 616 3859 tab?
652 3805 706 3857 Sed
723 3806 752 3856 in
773 3807 835 3872 ipsa
853 3806 916 3872 lege
939 3807 1104 3871 ‘sonuitque’
1126 3803 1199 3856 idem
1219 3800 1292 3854 male
1311 3801 1358 3854 da·
1471 3805 1475 3814 '

213 3897 300 3948 tivum
318 3911 368 3962 pro
387 3895 517 3961 genetivo
536 3893 642 3958 posuit,
667 3905 747 3956 quem
768 3892 880 3958 flagitat
903 3894 931 3941 et
953 3889 1024 3956 quod
1046 3889 1171 3954 sequitur
1192 3890 1236 3940 ‘td
1255 3894 1295 3939 eat
1316 3887 1359 3940 tc·

215 3979 339 4045 nor(um
363 3991 387 4030 et
405 3982 431 4030 in
451 3980 527 4043 fidem
547 3973 736 4044 receptorum)’
760 3981 788 4027 et
808 3977 868 4042 ipse
887 3976 1034 4042 genetivus
1052 3990 1107 4025 non
1131 3974 1187 4026 dat.
1206 3970 1300 4037 ‘forti'
1321 3973 1357 4023 cf.

214 4085 241 4133 p.
260 4069 320 4127 322,
344 4069 364 4116 l.
384 4067 400 4116 4
418 4063 523 4130 ‘(neque
541 4066 606 4116 alios
624 4080 697 4130 quam
712 4059 840 4127 formos
858 4069 884 4112 et
899 4058 1045 4127 cuna(tes)’
1069 4063 1097 4110 et
1119 4058 1138 4112 l.
1157 4059 1172 4110 8
1191 4056 1261 4124 ‘(qui·
1275 4057 1358 4124 eapti·-

214 4151 283 4216 cent)
305 4157 411 4202 caumes
434 4149 504 4213 (sant
527 4149 598 4212 cod.)
620 4150 711 4213 forcti
733 4147 820 4214 (quast
840 4148 932 4197 dictum
959 4146 1037 4211 esset)
1059 4148 1118 4198 aaut
1142 4146 1246 4196 tusani)
1285 4145 1359 4195 Pau-

213 4237 257 4288 lus
280 4253 306 4302 p.
332 4239 380 4287 102
408 4235 548 4285 ‘Horetum
571 4241 596 4284 et
619 4235 730 4298 scrotum
754 4249 805 4300 pro
832 4232 897 4284 bono
923 4231 1062 4287 dicebant)
1090 4229 1157 4292 *seo
1181 4227 1253 4278 idem
1275 4245 1302 4296 p.
1325 4229 1359 4280 st
1380 4293 1383 4298 1

215 4322 333 4377 ‘Foretes
350 4321 423 4390 [rupi
442 4326 466 4370 et
490 4321 569 4372 bonus
590 4334 612 4371 s.
635 4319 757 4378 vottdus',
779 4317 828 4368 ubi
846 4316 943 4371 Muell.
960 4315 1077 4371 ‘Festus
1098 4313 1194 4366 nescio
1217 4327 1254 4365 an
1276 4313 1359 4381 “for-
