3282 4992
275 287 318 353 80
688 300 800 348 cAPvr
823 300 1000 361 ovnsrvur.

275 455 427 519 lexerunt
441 437 576 519 Beierus
593 452 734 519 Orellius
750 453 943 519 Huschkius
951 502 960 536 ,
982 477 1022 519 ne
1037 454 1072 519 in
1087 455 1205 521 ceteris
1221 454 1352 542 quidem
1368 479 1417 520 su-

275 558 318 621 tis
340 555 512 640 quidXII
532 556 700 642 proprium
716 555 773 637 sit,
795 555 875 643 quid
895 556 1060 638 Ciceroni,
1083 543 1315 623 discernentes.
1350 558 1416 622 Eos

274 667 383 723 autem
398 658 455 745 qui
470 659 531 723 Vl
549 666 612 722 ‘ost
630 665 661 723 ei
673 668 769 722 eustos
788 679 843 722 vec
863 663 951 722 escit’
972 658 1120 724 futurum
1140 668 1258 746 putant
1279 659 1417 745 impera-

274 759 344 826 tivo
360 759 573 853 substitutum
590 783 673 842 esse,
689 782 824 846 prorsus
840 758 1000 825 fefellisse
1016 760 1202 848 opinionem
1216 760 1304 825 infra
1318 781 1417 848 appu

274 862 369 928 nebit.
399 864 446 928 At
460 862 584 949 pariter
598 861 751 949 repudiat
766 861 820 927 lex
835 862 1142 928 coniunctivum
1163 861 1292 951 qualem
1308 862 1417 928 obtru-

274 965 318 1029 sit
331 963 480 1030 Viotorio
497 974 630 1030 auctore
646 963 872 1030 Gothofredus
890 963 907 1028 I
923 965 938 1028 1
957 971 996 1028 ‘si
1008 971 1039 1028 iu
1054 971 1100 1030 ius
1113 977 1213 1042 vorot,
1234 965 1374 1050 utque'(i.
1390 985 1416 1031 e.

274 1061 385 1152 statim)
402 1073 489 1144 eut’‚
507 1067 587 1130 satis
603 1053 765 1131 refutatus
782 1089 855 1131 cum
871 1066 914 1131 ab
930 1066 1002 1130 aliis
1018 1069 1088 1130 tum
1103 1067 1147 1132 ab
1157 1065 1417 1132 Unterholinero

274 1169 309 1234 in
324 1168 446 1233 Annal.
461 1168 574 1233 soient.
590 1168 652 1234 iur.
668 1167 784 1233 histor.
801 1168 929 1250 114383
946 1177 1003 1232 aut
1018 1169 1074 1254 qui
1088 1166 1121 1232 V
1135 1167 1156 1232 5
1171 1167 1213 1232 ad
1229 1177 1417 1253 corruptam

275 1268 425 1336 eodioum
446 1267 637 1335 Collationis
665 1270 855 1334 memoriam
877 1274 1016 1348 ‘qeutites
1042 1273 1194 1346 familiam
1215 1275 1302 1334 lieres
1321 1275 1416 1332 buno’

275 1373 348 1459 (pro
371 1376 531 1438 ‘habento'
560 1375 659 1454 Nunc)
681 1395 724 1436 ex
744 1380 897 1436 notarum
918 1371 1132 1437 similitudine
1155 1369 1416 1460 explicandam)

274 1473 423 1560 proxime
444 1474 600 1539 accedere
622 1473 686 1539 sibi
706 1473 771 1539 visi
793 1481 869 1538 sunt
889 1474 1083 1558 corrigendo
1106 1473 1160 1539 vel
1180 1476 1342 1538 ‘iubeant'
1365 1469 1417 1537 vel

275 1580 466 1642 ‘tereisevnt'
480 1575 637 1640 Pithoeus
654 1584 686 1640 et
702 1574 862 1658 Oiselius‚
884 1573 940 1641 vel
961 1575 1044 1642 adeo
1065 1576 1142 1642 ficto
1165 1575 1327 1641 vocabulo
1349 1579 1417 1638 ‘be-

274 1686 411 1742 rescuut’
426 1676 619 1743 Huschkius
637 1676 685 1764 (in
701 1675 794 1768 stud.
811 1677 873 1741 iur.
889 1676 928 1740 R.
946 1698 978 1764 p.
996 1676 1067 1742 156.
1082 1677 1169 1742 Mus.
1185 1677 1273 1745 rhen,
1289 1676 1351 1740 iur.
1367 1675 1417 1739 Vl

180 1823 182 1827 -
274 1803 306 1866 p.
322 1780 415 1868 280):
442 1779 498 1865 qui
518 1778 602 1844 bene
622 1777 701 1844 lecit
722 1778 811 1866 quod
830 1779 866 1844 in
886 1777 1029 1845 editione
1045 1777 1127 1844 Ooll.
1151 1769 1347 1845 sententiam
1368 1799 1416 1842 re·

274 1881 451 1947 tractavit*
1344 1965 1348 1974 ἡ

359 1984 405 2048 At
420 2005 521 2047 unum
537 1983 626 2048 dices
648 1981 810 2067 refragari
831 1983 926 2050 nobis
942 1982 1058 2049 -looum
1078 2005 1098 2048 a
1119 1982 1226 2049 Plinio
1247 1983 1296 2048 sio
1316 1980 1417 2048 tradi-

274 2095 344 2150 tum
359 2085 447 2149 XXI
461 2085 493 2168 5,
511 2086 545 2150 7:
563 2089 712 2164 ‘Namque
726 2089 770 2148 uti
781 2092 948 2150 certamina
963 2091 994 2148 iu
1009 2092 1122 2150 circum
1140 2107 1199 2165 per
1212 2090 1299 2150 ludos
1318 2095 1348 2149 et
1361 2091 1419 2164 ipsi
1497 2147 1503 2152 .

275 2192 495 2253 descendebant
507 2197 536 2251 et
549 2207 649 2251 servos
668 2208 735 2250 suos
754 2207 900 2267 equosque
920 2192 1081 2252 mittebant.
1110 2191 1190 2252 lude
1209 2194 1263 2252 itlu
1277 2191 1349 2250 XII
1366 2201 1417 2250 tu-

275 2296 413 2356 bulorum
428 2296 479 2355 teu
495 2295 578 2369 “qui
590 2309 731 2354 eoronam
743 2297 829 2368 parit
843 2297 906 2370 ipse
918 2297 1083 2371 pecuniave
1103 2295 1167 2356 eius
1181 2296 1332 2355 virtutisne
1345 2309 1419 2368 erqo
1440 2313 1443 2317 ·

275 2399 377 2457 uiuitur
392 2398 455 2456 ei.'’
486 2395 580 2466 Ouum
595 2399 675 2456 servi
687 2397 789 2470 equive
804 2399 985 2469 meruissent,
995 2401 1129 2472 pecunia
1141 2399 1344 2473 qartum'leqe
1355 2396 1421 2456 diei

275 2515 358 2559 nemo
384 2497 534 2558 dubitavit.
578 2497 649 2569 Quis
669 2514 741 2572 erqo
761 2495 873 2558 tovos?
905 2498 944 2558 Ut
959 2501 1027 2575 ipsi
1050 2507 1164 2560 mortuo
1186 2497 1418 2574 parentibusque

274 2605 352 2679 eius,
369 2601 440 2662 vium
454 2603 533 2662 intus
546 2601 658 2676 positus
672 2605 749 2661 esset
758 2600 874 2674 forisve
886 2601 1037 2680 ferretur,
1059 2604 1123 2662 siue
1135 2602 1252 2675 froude
1272 2607 1349 2684 esset
1360 2603 1418 2661 tvv-

270 2705 393 2781 positv.’
1114 2705 1118 2712 '

358 2801 411 2864 De
427 2820 492 2887 quo
507 2799 579 2866 loeo
595 2810 671 2866 ante
688 2821 785 2887 quam
805 2799 963 2867 iudicium
986 2802 1059 2886 fiat,
1081 2803 1155 2891 ipsu
1174 2803 1278 2870 verba
1296 2803 1417 2870 rectius

275 2926 373 2991 quarn
394 2901 502 2967 adhue
522 2901 648 2968 foetum
669 2914 720 2969 est
740 2903 970 2970 constituendo
990 2914 1076 2971 sunt.
1107 2907 1218 2991 Atque
1234 2912 1418 2971 ‘virtutisve’

275 3027 349 3070 eum
364 3027 468 3092 neque
484 3024 557 3069 oum
572 3011 757 3084 ‘pecuniave'
773 3007 928 3091 coniungi
942 3006 1040 3072 liceat
1054 3029 1115 3072 nee
1130 3008 1171 3072 ad
1188 3011 1274 3071 ‘uus’
1293 3008 1351 3094 (se.
1363 3030 1417 3094 pe·

172 3101 175 3106 ’
275 3107 404 3196 cuniae)
421 3118 551 3195 praeter
565 3107 695 3173 lanium
710 3109 884 3197 quisquam
898 3109 1022 3175 referat
1039 3132 1099 3174 neo
1114 3132 1193 3176 vero
1208 3110 1328 3176 rationi
1344 3131 1417 3176 oon-

275 3211 387 3276 veniat
403 3232 476 3274 cum
490 3209 654 3297 prioribus
672 3205 854 3304 editoribus
871 3231 909 3276 ao
920 3209 992 3276 XII
1002 3211 1236 3298 interpretibus
1251 3211 1418 3299 plerisque

275 3319 332 3378 ‘ve'
348 3311 443 3399 quusi
457 3312 594 3378 fortuito
610 3323 718 3378 ortum
733 3313 884 3395 abiicere,
901 3312 1100 3379 exToletani
1115 3313 1238 3380 oodicis
1255 3314 1418 3400 scriptura

274 3414 327 3480 vel
342 3414 451 3500 potius
467 3414 654 3480 oonieeturu
667 3419 872 3479 ‘virtutisuue'
884 3415 1056 3481 Pintianus
1070 3416 1257 3482 Gronovius
1270 3415 1416 3501 Silligius
1445 3447 1457 3478 κ

274 3525 491 3602 reposuerunt
508 3522 641 3581 ‘virtutis
654 3537 727 3581 suae
741 3524 835 3596 erqo!
866 3517 989 3582 Verum
1010 3539 1190 3604 pronomen
1206 3525 1313 3584 ‘suae'
1328 3517 1417 3582 miri-

274 3620 335 3684 fice
350 3617 522 3684 abundans
538 3619 661 3704 pariter
682 3617 788 3684 uXII
804 3619 989 3686 tabularum
1009 3620 1173 3686 brevitate
1193 3629 1291 3708 atque
1313 3644 1333 3686 a
1352 3619 1416 3684 for-

274 3719 381 3786 mulae
408 3725 539 3784 ‘virtutis
563 3727 652 3800 erqo'
677 3744 739 3787 usu
766 3722 931 3788 abhorret.
961 3721 1005 3788 of.
1028 3715 1171 3788 Sisenna
1194 3745 1247 3809 ap.
1270 3722 1417 3788 Nonium

274 3845 306 3911 p.
321 3821 385 3888 544
400 3827 529 3924 ‘virtutis
542 3844 614 3901 erqo
628 3831 746 3890 civitate
761 3830 886 3908 donati,
903 3825 1018 3890 Cicero
1035 3824 1076 3889 de
1092 3833 1159 3910 opt.
1174 3847 1247 3910 gen.
1264 3847 1311 3890 or.
1328 3826 1360 3905 7,
1378 3825 1418 3888 19

274 3931 357 3988 ‘eum
380 3929 490 3989 donari
508 3931 624 3990 virtutis
642 3949 713 4006 erqo
734 3932 1035 4007 benevolentiaeque,
1053 3926 1169 3992 Livius
1186 3925 1244 4009 25,
1262 3928 1291 4006 7,
1308 3926 1418 3991 4‘neu

274 4031 351 4090 douo
376 4033 502 4090 militari
524 4034 641 4094 virtutis
665 4049 737 4106 erqo
767 4033 953 4092 donaretur?
997 4029 1112 4115 Itaque
1145 4051 1183 4094 eo
1216 4026 1355 4110 inclino,
1380 4037 1419 4092 ut

274 4127 414 4194 alterum
429 4131 618 4214 genetivum
633 4131 795 4196 excidisse
811 4141 887 4196 ante
902 4131 1078 4198 virtutisve
1095 4129 1257 4217 suspicer,
1279 4150 1418 4215 eumque
1521 4137 1523 4142 '

345 4352 363 4418 ¹)
383 4355 419 4404 of.
439 4355 621 4422 schillingius
639 4355 714 4406 Diss.
734 4357 795 4409 erit.
814 4356 848 4406 de
865 4355 982 4421 Ulpiani
1000 4355 1165 4422 fragmentis
1183 4371 1210 4421 p.
1228 4355 1262 4406 83
1281 4368 1340 4420 sqq.
