3282 4992
295 244 337 310 64
403 272 408 280 ,
713 255 826 306 csrvr
849 257 1014 305 rnamvn.

295 412 427 480 tabulae
451 413 610 478 insertam
633 411 736 476 luisse
761 433 827 476 non
853 421 904 476 est
928 411 1016 496 quod
1040 408 1115 474 hinc
1136 408 1311 476 concludat
1330 409 1443 476 Goctt·

295 515 415 602 lingius
443 515 478 581 in
503 516 583 602 reip.
612 515 704 580 Rom.
728 513 850 578 admin.
869 512 947 577 bist.
978 535 1011 598 p.
1032 511 1105 578 315.
1148 510 1259 598 Atque
1282 511 1444 578 fastorum

296 617 564 684 decemviralium
593 639 677 706 quae
709 617 809 681 fuerit
832 615 917 681 ratio
948 637 1023 680 cum
1046 623 1177 680 vetusto
1204 613 1332 678 Numae
1358 637 1443 680 anno

296 730 575 807 comparatorum,
597 718 740 808 aliquam
756 727 844 783 certe
863 715 1048 802 augurandi
1064 737 1179 782 ansam
1194 707 1335 781 Ovidius
1351 739 1443 803 prac-

296 823 353 889 bct
367 859 409 870 -
423 823 487 888 etsi
503 823 544 888 de
560 823 630 887 eius
651 819 717 886 fide
738 818 909 886 dubitatur
922 855 966 866 -
979 815 1076 884 Fast.¹
1088 817 1125 884 II
1138 817 1281 884 ‹ti—54:

447 929 509 990 Sed
522 935 620 990 tumen
635 928 752 1002 antiqui
764 945 802 988 ne
816 929 932 988 nescius
946 927 1062 987 ordinis
1075 942 1160 986 erres
1174 957 1217 968 —-
1308 979 1313 983 c

496 1031 630 1102 Primus,
645 1037 678 1090 ut
691 1037 746 1106 est,
761 1030 835 1089 Iani
847 1031 954 1090 mensis
968 1035 997 1090 et
1010 1033 1079 1088 anie
1090 1027 1163 1100 fuit.

452 1132 511 1204 Qui
523 1135 657 1208 sequitur
670 1133 796 1206 Ianum,
811 1134 917 1192 ueteris
929 1131 993 1205 suit
1006 1132 1125 1192 ultimus
1139 1131 1229 1189 anni:

495 1234 539 1296 l'u
555 1251 668 1312 quoque
682 1251 855 1314 sacrorum,
876 1232 1019 1304 Termine,
1033 1234 1103 1306 riuis
1117 1249 1195 1292 erus.
1327 1215 1330 1221 ’

450 1337 570 1398 Primus
584 1340 662 1399 enim
676 1339 750 1399 Iani
762 1340 883 1412 mensis,
899 1339 970 1412 quia
985 1338 1079 1396 ianua
1091 1337 1194 1412 prima
1209 1341 1267 1397 est:

496 1440 552 1512 Oui
564 1459 651 1502 sacer
665 1448 709 1502 est
722 1443 788 1519 imis
802 1441 953 1510 manibus,
970 1441 1045 1500 imus
1059 1445 1141 1500 erat:

449 1544 603 1604 Postmodo
618 1544 785 1605 creduntur
798 1545 895 1618 spatio
910 1543 1053 1602 distantia
1067 1544 1154 1616 ionae

493 1644 640 1721 Tempora
655 1646 698 1705 bis
713 1647 799 1720 quini
810 1646 998 1706 continuasse
1011 1646 1072 1704 oiri
1085 1689 1093 1706 .
1113 1687 1119 1701 .

296 1744 416 1831 quibus
432 1741 612 1808 Merkelius
635 1745 671 1808 in
690 1744 838 1835 prolegg.
855 1741 1009 1809 LXXIX
1029 1740 1182 1809 adhibuit
1200 1740 1306 1808 Servii
1331 1739 1438 1806 locum

295 1847 338 1910 ad
353 1847 452 1932 Verg.
469 1845 530 1912 Ge.
547 1845 636 1928 143,
651 1845 833 1912 Varronem
847 1846 883 1911 in
897 1843 1040 1932 Epistol
1056 1841 1193 1926 Quaest.
1210 1851 1299 1909 ‘enter
1313 1863 1440 1908 mensem

296 1953 496 2013 Februarium
511 1953 563 2026 qui
577 1959 646 2012 tune
660 1958 736 2013 esset
748 1958 899 2013 extremus
913 1958 942 2013 et
955 1955 1033 2012 inter
1047 1952 1205 2011 Kalendas
1219 1951 1350 2011 Martius
1364 1967 1441 2025 qaue

295 2064 366 2115 tune
379 2064 468 2115 eraut
478 2056 615 2132 primae'
630 2072 675 2115 so.
691 2050 920 2117 intercalatum
935 2050 1049 2131 fuisse,
1065 2050 1106 2115 de
1121 2049 1316 2114 decemviris
1332 2047 1441 2113 dicere

295 2161 396 2218 ratus.
988 2225 989 2228 Ἴ

378 2255 504 2320 Verum
523 2253 589 2343 ipsi
604 2255 683 2321 fasti
707 2255 819 2341 quales
840 2255 875 2319 in
895 2254 968 2340 lege
988 2255 1165 2341 perscripti
1180 2262 1288 2350 erant,
1309 2253 1379 2318 fere
1394 2252 1440 2317 in-

294 2357 377 2443 tegri
393 2357 437 2423 ad
450 2367 597 2422 nostram
612 2365 755 2423 aetatem
770 2366 1001 2442 pervenerunt.
1017 2356 1179 2420 Nimirum
1193 2357 1228 2419 in
1243 2353 1440 2420 calendariis

295 2481 378 2546 quae
393 2459 494 2545 vulgo
516 2459 672 2524 dicuntur
692 2459 832 2545 lapideis
849 2458 999 2524 Caesaris
1022 2467 1055 2524 et
1070 2458 1216 2543 Augusti
1236 2467 1346 2523 aetate
1366 2479 1441 2522 con·

294 2562 390 2627 fectis
408 2583 544 2647 eaquae
560 2570 749 2626 constanter
764 2561 945 2628 maioribus
965 2560 1084 2627 litteris
1101 2568 1294 2643 exarantur,
1317 2561 1347 2624 si
1361 2581 1441 2646 pau-

295 2664 427 2728 cissima
443 2663 612 2750 exceperis
629 2685 711 2750 quae
727 2662 769 2729 ab
785 2662 850 2727 illis
872 2663 1125 2750 imperatoribus
1141 2670 1264 2729 novata
1279 2683 1351 2727 csse
1366 2684 1449 2738 con-¹

294 2774 362 2831 stat
376 2802 419 2812 -
433 2766 609 2850 pristinum
624 2788 745 2830 annum
760 2765 895 2830 aNuma
910 2755 1010 2853 atque
1024 2765 1217 2832 decemviris
1231 2765 1442 2830 constitutum

295 2875 328 2932 et
342 2867 503 2932 intactum
517 2890 576 2953 per
591 2866 714 2934 liberae
733 2867 932 2954 reipublicae
953 2879 1102 2955 tempora
1122 2875 1290 2932 servatum
1309 2886 1439 2952 reprae-

296 2977 424 3034 sentare
453 2969 626 3034 verissima
657 2969 907 3036 ratiocinatione
932 2971 1158 3037 Mommsenus
1186 2968 1314 3034 invenit
1341 2967 1440 3054 Oorp.

294 3063 399 3137 Inscr.
414 3070 487 3138 Lat.
502 3093 535 3158 p.
551 3072 612 3136 361
630 3094 716 3160 sqq.:
735 3073 788 3136 cui
801 3073 850 3137 rei
865 3081 996 3158 praeter
1010 3073 1117 3158 ipsam
1133 3071 1319 3137 tabularum
1339 3071 1375 3135 in
1389 3071 1440 3136 his

296 3172 565 3260 aequabilitatem
580 3184 613 3240 et
627 3195 687 3260 par
703 3174 829 3242 dierum
845 3173 1005 3241 festorum
1019 3174 1307 3262 nundinorumque
1327 3195 1439 3239 nume·

294 3298 350 3340 rus
366 3285 399 3341 et
415 3276 620 3362 antiquitatis
636 3276 780 3360 vestigia
802 3277 838 3339 in
853 3277 1018 3342 scribendi
1033 3299 1150 3362 genere
1159 3277 1185 3363 1)
1201 3276 1442 3363 verborumque

295 3377 491 3442 formatione
507 3377 684 3463 conspicua
699 3380 1000 3464 aptcco‘nveniunt.
1030 3379 1100 3444 Hos
1116 3379 1219 3464 igitur
1234 3379 1355 3461 fastos,
1371 3376 1440 3463 qui·

296 3478 357 3545 bus
372 3479 445 3543 iure
459 3488 569 3544 monet
584 3478 666 3544 nihil
682 3501 754 3543 esse
774 3481 810 3544 in
829 3482 984 3546 universa
1004 3504 1114 3546 rerum
1128 3481 1353 3546 Romanarum
1374 3501 1440 3545 me-

294 3581 399 3647 moria
414 3589 580 3653 vetustate
596 3581 775 3666 insignius,
797 3605 840 3648 ex
860 3582 999 3671 lapideis
1020 3582 1279 3670 exemplaribus,
1297 3584 1441 3646 maxime

210 3723 212 3728 ι
285 3682 487 3772 Μαξΐθὶαηο,
505 3683 688 3778 descriptos
710 3693 742 3749 et
761 3685 803 3750 ad
817 3708 967 3751 normam
987 3709 1007 3750 a
1021 3686 1224 3751 Mommseno
1239 3686 1441 3772 propositam

295 3785 398 3871 p.368
409 3807 480 3872 sqq.
497 3785 758 3852 accommodatos
773 3825 815 3834 -—
830 3810 851 3852 a
866 3810 929 3874 quo
941 3788 1111 3853 discedere
1125 3787 1219 3854 nefas
1235 3787 1335 3852 fuerit
1349 3824 1392 3836 -
1405 3784 1440 3848 in

297 3886 473 3952 undecima
488 3886 602 3954 tabula
616 3887 786 3956 collocavi.

363 4149 384 4215 ¹)
404 4121 439 4202 cf.
459 4153 541 4201 notas
554 4151 604 4201 EN
620 4168 655 4194 =
673 4149 878 4215 endotcrcisus‚
892 4151 967 4203 Ni:
979 4150 1120 4203 nefastus:
1140 4167 1195 4216 qua
1207 4151 1236 4202 in
1248 4155 1316 4201 nota
1327 4147 1440 4202 Momm-

296 4251 379 4288 senus
396 4253 423 4302 p.
444 4238 493 4287 367
513 4233 654 4299 (chronol.
677 4253 704 4302 p.
724 4236 784 4299 233)
808 4238 1027 4288 vetustissimum
1051 4241 1159 4302 siguum
1183 4235 1260 4288 ll:
1277 4237 1302 4288 N
1324 4234 1440 4301 agnovit

296 4320 387 4371 simile
405 4325 484 4388 signo
504 4320 540 4372 nu
556 4337 604 4389 pro
623 4322 659 4372 Μ.
