3282 4970
698 247 837 298 rusum
859 249 882 296 1.
1308 234 1379 315 11Q

310 419 397 467 rosr
418 418 596 466 unnmrsn
621 417 815 467 Pnsnsnurr
842 419 952 466 mrsu
978 387 1159 491 somnino
1197 404 1245 486 [ει
1270 419 1368 468 nuno

224 505 461 588 eanssnnrss]
485 520 550 568 son
572 518 724 569 occasus
746 519 907 569 svesana
928 520 1129 570 rnurnsms
1150 520 1249 570 asro,

773 673 823 737 10.

309 807 435 876 Gellius
451 808 492 874 N.
510 807 552 874 A.
568 808 655 873 XVI
671 809 726 890 10,
747 809 778 874 8.
802 807 881 874 ‘Sed
905 809 992 874 enim
1012 831 1087 875 eum
1108 807 1312 896 ‘proletarii'
1336 821 1369 876 et

224 911 392 977 ‘adsidui’
409 921 443 978 et
458 916 626 975 ‘sanarem
640 918 673 975 et
688 905 852 975 ‘uades'
868 919 902 976 et
921 911 1163 977 ‘subuades’
1186 920 1220 976 et
1234 910 1369 996 ‘uiginti

224 1014 367 1102 quinque
381 1018 484 1078 asses’
500 1023 533 1077 et
549 1011 711 1078 ‘taliones’
727 1012 954 1107 furtorumque
966 1013 1113 1099 quaestio
1126 1018 1213 1077 ‘cum
1227 1011 1321 1078 lance
1336 1023 1369 1078 et

222 1114 518 1194 licio',euanuerint
534 1110 704 1199 omnisque
724 1111 782 1178 illa
797 1113 971 1180 duodecim
986 1112 1170 1180 tabularum
1191 1113 1369 1200 antiquitas

222 1217 286 1281 nisi
301 1218 335 1281 in
350 1215 431 1302 legis
448 1214 632 1281 actionibus
647 1215 933 1281 centumuiralium
952 1219 1124 1280 causarum
1141 1213 1213 1300 lege
1225 1215 1370 1282 Aebutia

221 1317 291 1384 lata
305 1317 476 1405 consopita
490 1317 551 1384 sit'v
565 1341 594 1384 e.
610 1339 642 1405 q.
657 1339 684 1382 s.
775 1345 778 1352 ⁴

223 1609 332 1662 sorinus
350 1608 383 1661 de
402 1608 447 1660 die
465 1608 555 1660 natali
577 1623 638 1676 cap.
657 1611 690 1660 23
709 1609 857 1661 ‘Horarum
880 1624 979 1660 nomen
1001 1608 1170 1662 comminus
1192 1624 1280 1660 annos
1300 1607 1369 1660 000

223 1695 327 1745 Romae
350 1695 507 1760 ignoratum
532 1690 593 1744 esse
616 1694 748 1746 credibile
774 1699 829 1746 est:
853 1710 917 1745 nam
940 1695 995 1745 XII
1014 1693 1120 1746 tabulis
1139 1692 1199 1758 (ley.
1218 1694 1247 1744 in
1265 1692 1371 1758 XIII.)

223 1794 359 1844 nusquam
377 1779 533 1830 nominatas
551 1778 633 1829 horas
651 1781 778 1831 inuenies
792 1785 822 1830 ut
833 1781 863 1830 in
876 1781 941 1831 aIIIs
952 1783 1051 1846 postea
1064 1777 1188 1844 legibus,
1209 1778 1257 1829 sed
1276 1783 1370 1829 ‘ante

223 1863 424 1927 meridiem’,
444 1880 476 1915 eo
495 1864 642 1923 uidelicet,
662 1863 733 1929 quod
755 1869 850 1929 partas
874 1865 930 1916 diei
950 1863 1082 1918 bifariam
1103 1868 1161 1913 tum
1184 1862 1268 1914 diuisi
1290 1865 1370 1915 meri-

223 1949 283 2000 dies
306 1948 493 2000 discernebat.
563 1945 610 2015 (9.)
633 1949 721 2000 Varro
744 1948 779 1999 de
801 1950 834 1999 L.
853 1951 888 2001 L.
907 1950 1010 2001 V1151
1035 1947 1212 2014 ‘Supremam
1236 1964 1253 1998 a
1276 1957 1371 2014 super·

223 2025 298 2084 rumo
322 2033 434 2084 dictum.
474 2034 576 2099 Itaque
602 2033 631 2082 in
653 2033 708 2084 XII
730 2033 826 2084 dicunt
849 2033 1007 2087 ε80115..
1027 2034 1049 2085 .’
1088 2033 1191 2082 Festus
1213 2049 1241 2097 p.
1259 2033 1310 2084 305
1333 2033 1370 2082 M.

222 2118 416 2185 ‘Suppremum
435 2149 442 2168 .
462 2154 468 2167 .
489 2159 495 2170 .
519 2117 593 2186 alias
616 2115 778 2182 extremum
800 2117 941 2184 significat
967 2115 1008 2183 ui)
1031 2117 1060 2166 In
1088 2114 1198 2182 legibus
1219 2116 1275 2168 XII
1299 2117 1371 2168 ‘So-
1423 2155 1426 2162 .

222 2204 267 2255 lis
286 2241 293 2254 .
313 2244 320 2258 .
338 2207 357 2256 .’
392 2203 551 2253 Macrobius
574 2202 633 2258 Sat.
656 2203 670 2254 I
688 2205 757 2262 3,14
774 2203 829 2252 ‘Et
846 2219 908 2254 mox
926 2217 1054 2267 suprema
1072 2205 1238 2266 tempestus,
1257 2199 1310 2252 hoc
1328 2209 1372 2254 est

222 2289 279 2340 disi
306 2287 486 2338 nouissimum
516 2291 638 2352 tempus,
670 2287 744 2338 sicut
771 2302 930 2354 expressum
959 2289 1003 2338 est
1027 2285 1056 2334 in
1082 2285 1136 2334 XII
1167 2284 1270 2336 tabulis
1297 2285 1370 2337 ‘So
1437 2349 1439 2354 Ι

183 2423 186 2428 ,
222 2374 267 2425 lis
281 2410 287 2423 .
301 2411 307 2423 .
323 2376 340 2428 ,³
376 2371 546 2423 Censorinus
563 2371 581 2421 l.
599 2371 619 2425 -Ι,
639 2386 663 2424 c.
682 2374 715 2423 24
733 2374 821 2424 ‘HInc
839 2387 979 2439 supremas
1000 2371 1127 2436 quamuis
1145 2371 1257 2436 plurimi
1275 2387 1369 2438 supre-

223 2473 296 2510 mam
314 2462 378 2524 post
396 2472 527 2508 occasum
546 2456 612 2508 solis
631 2473 693 2508 esse
711 2458 886 2530 exisfimant,
911 2457 976 2521 quia
994 2459 1037 2506 est
1059 2456 1088 2505 in
1106 2454 1160 2507 XII
1179 2454 1284 2507 tabulis
1303 2459 1369 2508 scri-

223 2549 300 2610 ptum
318 2543 373 2594 sic:
392 2541 504 2593 ‘Solis
524 2579 530 2591 .
550 2578 557 2592 .
577 2545 599 2592 .'
616 2583 618 2589 ,
636 2528 672 2594 ci.
696 2543 784 2593 Varro
806 2543 825 2593 1.
843 2541 862 2593 l.
881 2542 919 2593 VI
937 2543 954 2592 b
975 2539 1125 2607 ‘Suprema
1148 2555 1280 2591 summum
1304 2540 1369 2603 dmi,

222 2629 251 2681 id
271 2645 288 2678 a
307 2627 468 2694 superrima.
504 2627 565 2677 Hoc
585 2631 694 2694 tempus
712 2627 767 2678 XII
789 2625 905 2678 nabulae
929 2625 1025 2676 dicunt
1047 2640 1175 2676 occasum
1200 2639 1262 2676 essa
1285 2626 1370 2677 solis’

224 2729 248 2764 e.
268 2729 293 2778 q.
312 2729 335 2764 s.
369 2711 479 2762 PlinIus
496 2712 532 2765 H.
547 2712 581 2761 N.
598 2712 653 2764 VII
669 2715 716 2777 60,
734 2715 784 2763 212
803 2711 972 2762 ‘Duodecim
994 2709 1099 2760 tabulis
1117 2711 1193 2759 orius
1212 2713 1321 2761 tantum
1344 2716 1372 2762 et

128 2795 130 2798 ’
223 2811 341 2849 occasus
359 2798 549 2860 nominantur3
567 2801 631 2862 post
649 2797 759 2862 aliquoi
777 2811 864 2847 annos
877 2795 1004 2848 adiectus
1017 2798 1060 2845 esi
1073 2798 1102 2846 et
1114 2794 1253 2846 meridies’
1272 2811 1297 2846 e.
1310 2810 1335 2861 q.
1348 2812 1371 2849 s.

222 2882 327 2934 Paulus
346 2899 406 2934 exc.
426 2899 461 2934 ex
478 2883 562 2934 Festo
580 2899 606 2948 p.
623 2883 673 2934 362
690 2883 728 2932 M.
748 2883 970 2948 ‘Tempestatem
992 2895 1042 2946 pro
1064 2882 1187 2945 tempore
1211 2879 1373 2945 frequenter

224 2966 352 3020 dixerunt
370 2965 498 3032 antiqui)
534 2966 570 3018 id.
590 2983 616 3034 p.
631 2969 680 3019 110
698 2983 724 3021 u.
743 2968 945 3034 intempestam.

293 3089 332 3138 10.
352 3086 388 3137 of.
409 3087 496 3162 carus
514 3086 581 3138 rust.
601 3086 716 3139 1v1ss.

222 3349 288 3406 labri
314 3363 394 3423 quum
421 3353 552 3421 perorant
579 3345 744 3402 Oosmanus.
781 3344 981 3402 Conicecrnm:
1007 3361 1097 3400 corum
1124 3350 1281 3417 perornato.
1310 3360 1371 3398 cum

226 3465 264 3475 -
289 3439 447 3508 praesentes
471 3431 618 3505 Scob'qero
639 3435 813 3503 suspectum.
900 3429 928 3487 8.
941 3436 1016 3504 ,post
1036 3445 1071 3484 m.
1090 3459 1125 3470 -
1144 3429 1222 3486 ambo
1243 3444 1372 3503 praeseu-

225 3528 267 3576 tes
281 3517 338 3574 om(
357 3519 386 3574 r‘n
407 3534 462 3590 my.
479 3519 544 3574 add.
568 3514 645 3573 Voss.
667 3517 733 3574 mai.
785 3513 878 3572 Verba
899 3516 923 3570 si
947 3513 1026 3572 ambo
1047 3521 1207 3589 praesentes
1224 3528 1370 3584 praecun-

224 3604 299 3662 n'dus
316 3605 464 3676 plerisque
485 3608 513 3658 et
535 3602 618 3659 Gellii
636 3607 665 3658 et
684 3600 750 3657 XII
767 3600 923 3658 editorr'bus
941 3600 1054 3658 inclusi.
1136 3599 1163 3657 9.
1193 3599 1237 3655 sol
1257 3615 1371 3656 occasus

225 3685 299 3765 (solo
326 3688 379 3744 css’
409 3687 486 3744 Voss.
513 3685 596 3759 mai.)
620 3687 742 3744 Gellius:
769 3686 836 3744 solis
863 3700 977 3742 occasus
1011 3684 1106 3741 Varro
1132 3684 1277 3742 Censorin.
1305 3683 1372 3739 Ma-

223 3774 301 3832 crob.
317 3773 422 3831 Festus
443 3768 534 3848 (apud
552 3787 635 3844 quem
661 3771 793 3829 ‘occasus
816 3801 854 3812 --
876 3770 976 3844 supre'
998 3772 1126 3827 deestis
1146 3769 1219 3846 cod.)
1241 3766 1372 3840 defendit

224 3860 371 3933 Berylcius
388 3862 589 3916 nominativum
606 3857 771 3932 inrclleyens
785 3853 852 3914 Ind.
869 3855 939 3910 Hal.
955 3860 1025 3912 nest.
1036 3857 1161 3925 48601).
1185 3851 1279 3909 Vnot.
1299 3855 1372 3909 etin

223 3944 366 4002 Fleckeis.
382 3944 456 4000 Ann.
480 3951 498 4000 r.
519 3946 558 4000 83
575 3959 606 4015 p.
623 3945 682 3998 503
755 3941 822 3998 solis
843 3955 942 3997 occasu
963 3939 1016 3996 diei
1036 3940 1099 3996 cod.
1119 3939 1201 3995 Flor.
1230 3936 1371 3994 Varronis

231 4029 293 4086 VII
304 4033 342 4086 51
357 4028 422 4102 (diei
438 4027 509 4101 fort.
526 4042 565 4084 ex
586 4026 813 4099 interpolatione.
843 4025 880 4082 In
896 4024 976 4082 Festi
989 4025 1050 4082 loco
1069 4027 1177 4081 iniuria
1197 4017 1375 4094 suppletur).

225 4110 338 4190 supqima
355 4112 428 4188 Ray.
452 4114 530 4170 Voss.
547 4118 611 4170 mni.
628 4111 746 4170 SGerm.
776 4127 922 4186 supprema
944 4109 1050 4167 Christ.
1067 4111 1124 4165 597
1145 4107 1233 4180 Maql.
1269 4124 1371 4183 supprc

224 4217 267 4256 mn
283 4205 312 4257 te
327 4201 392 4273 (om.
409 4199 512 4274 postas)
535 4197 612 4255 Voss.
626 4201 693 4255 min.
752 4198 831 4254 esto!
846 4189 916 4272 Nos]
934 4203 976 4252 esi
992 4193 1036 4266 (4,
1050 4193 1097 4266 R.)
1114 4210 1183 4250 onos
1198 4192 1269 4265 Req.
1293 4192 1371 4250 Voss.

225 4302 291 4343 mor.
