3282 4992
356 261 403 308 on
426 261 476 308 xu
500 261 713 310 TABVLARVM
736 264 913 325 aaarovus
936 265 1183 318 conuiuarum.
1301 253 1342 319 69

207 420 302 481 Verba
316 426 385 483 sunt
398 421 474 481 haec
489 420 527 480 de
540 423 605 494 leffe
621 423 674 482 “si
687 424 717 480 in
738 425 785 482 e'us
799 433 897 498 vorat,
920 428 947 486 st
965 423 1083 484 morbae
1096 405 1107 484 ¹.
1125 469 1133 484 .
1150 468 1158 484 .
1176 429 1209 486 .’'
1225 445 1263 490 eo
1279 426 1341 489 sci-

198 517 275 584 licet
290 517 444 600 oonsilio,
460 527 497 583 ut
512 517 603 604 prior
618 541 694 604 pars
709 521 864 586 universe
883 521 990 607 ipsam
1010 519 1116 606 legem
1131 523 1202 590 XII
1217 525 1340 610 signifi-

197 632 265 705 cet,
281 642 380 709 quam
394 620 437 687 ab
452 621 502 684 his
519 619 631 686 verbis
647 621 810 708 incepisse
831 621 1002 709 probabile
1018 634 1084 706 est,
1106 623 1210 690 altera
1230 626 1340 712 singu·
1362 617 1365 624 ¹

198 722 266 788 lare
292 733 501 809 pracceptum
526 721 722 788 introducat.
760 722 803 788 ef.
829 724 930 789 etiam
957 723 1126 790 Vahlenus
1157 727 1193 791 in
1217 729 1338 792 Annal.

197 847 309 912 gymn.
334 825 499 890 Austriae.
517 824 599 889 1860
619 824 688 910 p.5
708 847 756 911 sq.
787 826 834 890 At
854 825 916 892 hoc
937 825 1009 912 quis
1038 827 1151 892 eredat
1176 837 1341 894 structura

196 947 330 1014 prorsus
350 925 528 1011 ineleganti
549 935 647 1013 atque
664 937 795 1012 praeter
815 929 976 1010 rationem
996 925 1122 994 efficta:
1149 935 1251 995 ‘verbu
1272 943 1341 995 sunt

196 1035 359 1108 haectoris
375 1065 415 1076 -
431 1032 521 1092 verbu
540 1040 609 1092 suat
627 1033 704 1093 leaeo
719 1034 756 1092 dr
775 1036 858 1107 leoe’
883 1051 1077 1116 expressum
1098 1031 1226 1098 fuisse?
1253 1032 1340 1098 Nam

196 1153 271 1196 oum
285 1131 376 1217 prius
392 1136 436 1194 ‘ai
448 1137 479 1194 r'a
494 1137 540 1195 ias
554 1137 655 1196 voout’
677 1130 902 1198 tantummodo
918 1129 1004 1196 tituli
1018 1131 1090 1198 loeo
1105 1131 1281 1216 habeatur,
1298 1157 1339 1199 ne

196 1233 330 1299 tolerari
345 1229 478 1320 quidem
499 1242 608 1319 potest
628 1234 804 1319 repetitum
820 1237 928 1298 ‘rabo
948 1247 1017 1297 sunt
1030 1238 1106 1300 lruec
1125 1241 1232 1314 leuis':
1251 1235 1339 1322 quod

196 1335 238 1402 ab
253 1333 348 1400 initio
364 1335 476 1399 atatim
491 1334 534 1399 ad
549 1335 683 1420 propria
698 1335 802 1400 verba
816 1356 858 1400 ex
873 1335 945 1421 lege
961 1338 1063 1401 citata
1077 1337 1250 1423 pertineat.
1275 1337 1338 1402 Ne·

195 1459 259 1523 que
274 1436 405 1502 omnino
420 1434 489 1500 ulla
503 1437 574 1502 veri
589 1437 698 1522 specie
710 1436 964 1515 commendatur,
980 1460 1054 1502 oum
1069 1438 1188 1504 totiens
1204 1461 1261 1525 per
1277 1438 1339 1504 hoc

196 1537 298 1604 Gellii
313 1547 412 1624 eaput
427 1539 643 1624 praecesserit
657 1537 739 1624 legis
756 1539 889 1621 mentio,
905 1539 971 1604 iam
987 1549 1154 1628 tamquam
1168 1561 1275 1607 novae
1291 1541 1338 1606 rei

195 1639 357 1706 eiusmodi
387 1640 636 1727 inscriptionem
666 1639 819 1726 proferri.
869 1640 936 1707 Sed
967 1643 1064 1725 satis,
1097 1643 1232 1730 opinor,
1265 1644 1340 1728 ipsa
1402 1633 1407 1650 '

193 1743 301 1809 forma
315 1742 425 1828 prodit
440 1741 631 1808 alterutrum
645 1742 827 1809 membrum
849 1765 892 1808 ex
911 1767 1002 1809 mera
1016 1743 1241 1830 dittographia
1260 1766 1337 1830 pro-

193 1844 318 1910 fectum
337 1865 421 1908 esse.
440 1882 484 1894 -
504 1845 607 1931 Atqui
628 1843 681 1909 vel
701 1852 825 1909 resecto
846 1843 949 1912 altero
972 1845 1121 1933 plerique
1141 1844 1339 1911 Gothofrcdi

194 1946 394 2012 sententiam
409 1946 515 2012 secuti
530 1952 574 2011 ‘si
591 1953 623 2010 ἐπ
644 1953 691 2011 tus
712 1953 815 2011 vorat'
831 1957 921 2012 arete
935 1947 1081 2013 iunctum
1096 1971 1170 2014 cum
1186 1952 1243 2012 ‘de
1256 1952 1337 2026 leae'

193 2048 393 2136 principium
412 2046 645 2114 intellexerunt
665 2046 719 2114 vel
733 2048 835 2114 totius
851 2046 933 2134 legis
949 2049 1002 2114 vel
1026 2059 1135 2114 certae
1149 2050 1264 2136 partis.
1294 2050 1338 2114 cf.

194 2148 341 2216 Oiselius
363 2148 406 2214 ad
426 2149 448 2214 l.
464 2148 485 2214 l.
517 2149 641 2215 Verum
668 2151 834 2217 enimvero
854 2189 896 2198 —
916 2151 1012 2237 quod·
1030 2152 1096 2216 iam
1117 2173 1217 2238 supra
1238 2151 1337 2236 signi-

194 2253 293 2318 ficavi
306 2289 349 2298 -
363 2251 612 2318 fundamentum
627 2251 683 2318 isti
699 2253 846 2339 opinioni
861 2252 1050 2318 substruere
1067 2252 1337 2340 supersederunt.

193 2355 280 2420 Nam
295 2353 461 2420 Ciceronis
478 2375 541 2440 quo
556 2363 737 2440 provocant
751 2355 841 2418 locus
858 2353 898 2418 de
913 2352 1075 2439 leg.114‚
1091 2353 1111 2419 9
1126 2352 1258 2419 minime
1273 2353 1337 2418 huc

193 2457 293 2538 facit,
309 2475 385 2522 cum
399 2455 434 2520 in
449 2479 504 2522 vv.
522 2463 559 2520 ‘a
569 2463 690 2538 parvis,
708 2460 827 2532 Quinte,
852 2461 1011 2523 didicimus
1032 2458 1090 2521 “si
1108 2463 1140 2522 ia
1160 2463 1206 2521 ius
1221 2460 1336 2522 oocul”

193 2570 282 2640 utque
304 2565 382 2624 alias
406 2563 552 2624 eiusmodi
570 2565 650 2637 tepea
674 2557 880 2640 nominare'¹)
902 2579 967 2622 non
988 2558 1106 2634 citetur
1125 2557 1257 2641 titulus,
1280 2558 1338 2624 sed

194 2660 380 2749 exemplum
406 2683 448 2726 ex
472 2659 555 2745 lege.
571 2659 735 2726 delibetur
758 2683 821 2747 quo
846 2681 931 2746 quae
956 2660 1022 2726 sint
1051 2660 1141 2744 leges
1169 2669 1335 2725 noscatur.

192 2762 290 2830 Unde
305 2764 367 2828 etsi
381 2785 448 2828 non
463 2762 533 2826 sine
548 2783 665 2827 caussa
678 2761 885 2829 concluditur
899 2762 960 2827 hoo
980 2762 1082 2828 fuisse
1097 2761 1179 2847 legis
1194 2759 1336 2844 initium,

193 2866 274 2952 quia
286 2864 392 2950 prima
405 2864 509 2930 verba
526 2863 765 2950 simplicissime
786 2864 892 2928 solent
912 2863 1088 2930 memoriae
1110 2885 1280 2929 occurrere
1298 2901 1335 2912 -

175 3023 177 3028 .
193 2967 236 3032 ef.
252 2966 341 3032 idem
349 2961 445 3031 Rhet.
458 2965 500 3030 ad
513 2965 592 3030 Her.
606 2966 642 3031 II
660 2967 710 3048 13,
729 2966 768 3031 19
782 3005 825 3014 —
839 2975 947 3030 tamen
963 2965 1098 3051 quaevis
1115 2964 1180 3028 alia
1195 2963 1249 3030 lex
1264 2965 1337 3051 pari

192 3067 290 3135 modo
315 3066 472 3133 substitui
497 3076 638 3154 poterat.
673 3068 790 3154 Itaque
815 3065 873 3131 illa
897 3067 1002 3132 verba
1026 3089 1100 3131 eum
1126 3066 1199 3153 ipsa
1224 3064 1296 3150 lege
1317 3089 1337 3130 a

263 3293 283 3360 1)
311 3295 356 3344 Ita
384 3291 493 3358 quidem
521 3295 597 3342 reete
625 3291 697 3342 hunc
724 3289 815 3342 locum
843 3282 994 3342 constituit
1011 3289 1118 3340 Bakius
1146 3305 1180 3340 ex
1202 3289 1336 3341 librorum

195 3379 332 3445 scriptura
356 3383 442 3444 ‘alque
466 3384 493 3427 at
516 3377 570 3427 eiua
591 3377 661 3428 modi
677 3379 745 3441 lepra
768 3379 833 3426 aliua
851 3379 943 3430 nonr.’.·
961 3391 1023 3426 oum
1041 3379 1089 3425 ‘al'
1107 3374 1256 3441 vestigium
1274 3375 1338 3426 reli·

195 3471 270 3514 otum
289 3465 326 3514 sit
348 3465 452 3514 veteris
476 3462 680 3528 dittographiae
705 3466 797 3528 ‘atque
821 3463 885 3511 aliur
908 3462 1030 3512 eiusmodi
1050 3465 1119 3527 lepra
1140 3462 1229 3512 aliua’
1265 3461 1336 3510 Nam

187 3549 335 3601 'Vahlenus
353 3548 372 3597 l.
390 3547 410 3599 l.
429 3547 483 3597 etsi
501 3546 573 3612 quod
591 3547 640 3597 ille
659 3550 717 3597 ‘at'
736 3545 805 3596 nihil
824 3545 898 3597 aliud
917 3561 978 3596 esse
996 3562 1039 3596 ms
1239 3548 1336 3596 ‘aliar’

193 3634 294 3699 voluit,
312 3636 411 3684 merito
429 3631 547 3698 refellit,
565 3631 638 3682 idem
657 3636 751 3682 tamen
769 3646 830 3682 eum
848 3635 896 3681 ‘at’
915 3635 946 3682 ut
958 3647 992 3684 ex
1010 3635 1107 3698 ‘atque’
1126 3629 1199 3682 male
1216 3631 1337 3697 repetito

193 3724 284 3771 ortum
302 3715 396 3769 deleat
415 3722 443 3767 et
461 3718 655 3769 attractionem
675 3715 813 3782 quandam
831 3719 950 3779 statuat,
974 3731 1030 3780 qua
1049 3721 1140 3782 ‘atque
1162 3718 1287 3768 eiusmodi
1301 3718 1336 3786 le-

176 3821 238 3870 ¹prr
255 3805 320 3854 aliar
339 3805 479 3854 nominare’
499 3801 527 3851 id
545 3803 682 3866 exprimat
701 3801 772 3866 qnod
790 3802 946 3852 sententiae
958 3801 1041 3852 unice
1055 3807 1150 3867 aptum
1161 3799 1337 3852 Heindorfins

193 3888 386 3954 postulaverat
405 3883 445 3951 (in
464 3887 563 3937 Arnai.
583 3888 634 3936 iur.
653 3886 754 3939 scient.
771 3885 867 3936 histor.
886 3884 993 3952 11435)
1013 3891 1105 3952 ‘utque
1127 3887 1248 3937 eiusmodi
1269 3889 1337 3952 leaeo

194 3977 258 4024 aliua
275 3976 344 4038 lepra
362 3970 518 4024 neritinare’:
537 3987 597 4022 eum
616 3986 727 4023 sensum
744 3987 777 4022 ex
799 3971 893 4022 serbis
904 3970 945 4022 ita
958 3968 1105 4022 collocatis
1118 3968 1251 4035 quomodo
1263 3972 1338 4035 quia-

194 4073 276 4122 quam
296 4057 393 4109 eliciat
411 4057 503 4108 fateor
520 4072 562 4107 me
581 4057 700 4112 nescire.
735 4057 793 4108 Nee
812 4057 902 4122 ipsum
921 4056 1007 4122 fugit,
1031 4056 1104 4122 quod
1122 4054 1275 4120 exemplum
1294 4060 1336 4106 at—

193 4141 259 4194 tulit
277 4142 411 4194 eiuamodi
429 4141 607 4193 attractionis
624 4143 638 4192 1
657 4143 687 4205 6,
708 4144 740 4192 19
763 4155 873 4208 prorsus
893 4139 975 4193 aliter
997 4142 1157 4194 rehabere.
1192 4140 1267 4191 Huic
1285 4141 1336 4206 igi·

194 4231 239 4278 tur
255 4228 357 4278 rationi
376 4227 501 4292 quamuis
519 4226 630 4277 Halmio
648 4228 783 4293 probatae
807 4242 862 4277 non
880 4226 991 4291 dubito,
1015 4229 1082 4293 quin
1098 4223 1282 4293 praeferenda
1300 4226 1338 4277 sit

195 4310 284 4366 altera
303 4313 339 4365 ad
357 4313 524 4364 sententiam
542 4327 613 4382 quae
632 4311 772 4380 flagitatur
790 4313 861 4364 bene
880 4309 1071 4364 accomodata.
