3282 4992
313 330 360 377 nn
383 327 576 378 versamus
599 327 650 374 xn
672 327 886 376 resvmavu
908 299 1196 377 turnarnnrmrs'.
1287 314 1329 378 23

179 485 278 549 datur
292 481 382 568 quod
397 482 590 572 Huschkius
607 483 700 569 ponit
716 486 837 546 ‘librum
847 488 960 562 populo
971 487 1101 574 dedisse'
1116 504 1190 548 eum
1200 490 1328 548 tantum

179 585 246 650 dici
273 606 371 671 posse
396 584 453 670 qui
479 583 634 650 collectas
661 583 697 647 in
715 583 886 670 publicum
907 607 1003 649 usum
1024 583 1183 650 formulas
1205 585 1239 650 in
1254 585 1326 652 foro
1376 669 1380 678 Ι

178 686 397 775 proposuerit.
427 686 531 751 Immo
552 687 701 752 iunctum
719 685 903 751 membrum
919 695 965 751 ‘et
978 693 998 750 l.
1011 707 1043 766 p.
1060 691 1102 751 d!
1118 685 1265 752 indicare
1279 688 1327 753 vi·

183 790 280 855 detur
300 788 397 876 plura
416 788 465 853 ibi
483 789 589 854 fuisse
610 787 856 876 comprehensa.
886 787 957 854 Nec
972 788 1077 873 magis
1092 787 1262 876 probabile
1278 798 1329 854 est

178 891 260 976 legis
289 891 454 956 actionem
479 890 523 957 ab
543 890 620 956 Sex.
643 889 739 956 Aelio
762 891 813 957 bis
836 890 975 956 divorsis
996 889 1090 956 libris
1112 891 1327 978 compositam

179 1015 266 1060 esse:
291 993 421 1057 omnino
440 981 498 1057 illa
521 1000 629 1057 aetate
650 991 827 1057 admodum
848 1015 949 1079 parca
968 993 1002 1058 in
1023 991 1199 1063 litterariis
1213 1015 1326 1060 monu-

180 1096 299 1160 mentis
321 1085 527 1182 proferendis
548 1094 607 1160 vix
623 1092 818 1158 crediderim
833 1094 897 1160 tria
913 1093 1029 1160 similis
1044 1094 1230 1180 argumenti
1246 1097 1325 1162 scri-
1375 1159 1382 1164 .

178 1208 237 1285 pta
251 1198 293 1263 ab
308 1219 373 1262 uno
388 1196 521 1262 homine
534 1195 683 1283 proiecta
697 1217 781 1261 esse.
802 1195 889 1261 Nam
903 1196 993 1283 quod
1007 1196 1199 1288 Huschkius
1212 1197 1327 1264 statuit

180 1301 345 1386 tripertita
360 1322 426 1365 non
439 1297 571 1385 populi,
599 1299 657 1363 sed
679 1298 741 1363 soli
763 1298 1055 1385 iurisprudentium
1068 1299 1145 1363 usui
1161 1299 1327 1368 destinata

64 1436 70 1445 ·
178 1402 300 1484 fuisse,
321 1401 357 1466 id
377 1423 483 1488 neque
500 1399 567 1466 ullo
586 1400 708 1468 indicio
724 1401 873 1467 firmatur
887 1421 992 1486 neque
1008 1401 1088 1466 satis
1103 1398 1190 1465 illius
1207 1402 1324 1466 aetatis

121 1541 126 1550 ·
180 1504 332 1570 moribus.
342 1502 531 1590 respondet.
559 1503 709 1590 Denique
724 1526 765 1569 ne
781 1502 929 1570 offendas
945 1503 981 1579 in
994 1502 1068 1589 ipsa
1078 1501 1248 1568 titulorum
1260 1501 1325 1569 dis-

178 1605 365 1692 crepantia,
389 1603 492 1671 altero
509 1605 579 1670 loco
595 1614 661 1670 est:
683 1612 751 1685 ‘oar'
763 1609 993 1671 inscribitur
1007 1609 1182 1687 tripertira’,
1204 1605 1323 1670 altero:

177 1714 243 1788 ‘qur'
256 1714 371 1787 appel
376 1714 479 1772 latur
494 1714 540 1774 ias
554 1712 737 1774 Aelianum':
752 1730 868 1795 nempe
883 1708 983 1774 talem
997 1729 1064 1774 non
1075 1708 1117 1774 ab
1128 1707 1202 1795 ipso
1215 1715 1324 1774 aucto·

180 1833 216 1876 re
236 1809 421 1897 proiectam
441 1809 544 1876 fuisse
564 1811 826 1898 inscriptionem,
849 1831 966 1878 verum
986 1809 1141 1897 apopulo
1157 1809 1201 1875 ad
1217 1831 1323 1874 exem-

176 1912 268 2001 plum
282 1911 363 1977 iuris
379 1911 487 1978 civilis
508 1911 662 1980 Flaviani
684 1913 829 1980 effictam
849 1922 964 2000 sponte
985 1921 1134 2000 apparet.
1174 1912 1226 1977 Ac
1247 1933 1324 1977 sane

178 2037 216 2080 eo
237 2015 370 2079 nomine
391 2013 510 2100 dignus
532 2015 639 2081 videri
660 2016 838 2101 poteratis
858 2013 943 2081 libei
957 2017 1015 2101 qui
1031 2014 1147 2081 ‘veluti
1162 2013 1325 2080 cunabula

130 2193 132 2198 Ι
177 2116 272 2182 iuris’
295 2116 524 2204 continebat.¹)
556 2117 654 2198 Quod
674 2125 784 2182 autem
803 2116 1002 2203 Pomponius
1023 2117 1132 2203 priore
1154 2116 1225 2184 loco
1246 2114 1323 2181 alte-

176 2241 250 2285 rum
265 2217 397 2285 titulum
412 2242 478 2285 non
493 2218 637 2285 addidit:
654 2241 721 2285 non
737 2229 788 2286 est
800 2226 894 2284 tanta
904 2218 1001 2284 huius
1014 2218 1183 2306 scriptoris
1196 2219 1323 2303 religio,

176 2320 232 2410 qui
247 2323 317 2386 sine
331 2320 453 2387 iudicio
467 2321 575 2388 fontes
591 2321 768 2410 exscripsit
783 2332 816 2388 et
829 2321 993 2388 turbavit:
1011 2329 1108 2407 atque
1123 2321 1237 2404 eodem
1252 2322 1323 2386 iure

177 2424 269 2489 dicas
295 2423 398 2491 altero
423 2424 494 2490 loco
518 2423 552 2488 in
577 2423 735 2490 librorum
762 2423 840 2490 Sex.
865 2421 954 2489 Aelii
977 2424 1221 2490 enumeratione
1241 2425 1323 2489 iuris

177 2525 310 2618 Aeliani
325 2547 453 2613 quoque
470 2526 627 2592 disertam
642 2527 842 2592 mentionem
858 2523 1050 2612 desiderari.

260 2628 308 2694 At
330 2625 541 2694 libidinosius
565 2628 664 2694 etiam
688 2629 734 2694 eis
757 2629 880 2694 abusus
901 2637 952 2694 est
966 2627 1159 2693 Huschkius
1175 2649 1260 2714 quae
1275 2651 1322 2694 se·

121 2813 124 2818 ¹
177 2739 320 2818 quuntur
335 2729 424 2818 apud
438 2731 656 2818 Pomponium
670 2731 692 2797 l.
709 2731 731 2797 l.
753 2735 896 2796 ‘eiusdem
910 2752 973 2818 esse
987 2741 1046 2796 tres
1061 2737 1117 2796 alii
1128 2735 1200 2796 libri
1213 2735 1323 2813 dicua-

124 2891 126 2894 .
181 2847 238 2913 tur,
254 2855 327 2913 quos
342 2845 440 2912 tamea
454 2839 573 2913 quirem
588 2845 701 2914 aaroni
714 2838 844 2901 eiusdem
857 2841 941 2902 esse'.
968 2833 1132 2902 Nimirum
1148 2842 1225 2900 ‘tres
1241 2832 1323 2898 alios

181 2935 297 3025 libros’
314 2945 484 3003 asseverat
497 2959 563 3004 non
578 2937 643 3002 tria
658 2937 799 3024 scripta,
816 2936 876 3002 sed
888 2938 984 3004 unius
1001 2937 1116 3024 scripti
1130 2945 1196 3002 tres
1212 2945 1322 3022 partes
1392 2974 1394 2978 ·

175 3036 413 3124 intellegendas
429 3061 517 3123 esse3
534 3061 573 3104 ao
587 3039 692 3104 mirae
702 3039 966 3126 interpretationi
976 3038 1323 3125 prorsussingularem

175 3141 323 3206 caussam
340 3140 482 3206 addidit:
506 3141 636 3207 etiamsi
651 3162 718 3207 non
732 3141 836 3223 idem,
859 3141 914 3228 qui
928 3141 1165 3228 tripertitorum
1174 3189 1183 3222 ,
1207 3141 1322 3206 horum

177 3264 307 3330 quoque
327 3241 485 3312 librorum
505 3254 619 3310 auctor
639 3243 833 3330 fingeretur,
861 3253 971 3335 tamen
991 3235 1124 3309 minime
1143 3241 1322 3309 verisimile

175 3367 247 3410 esse
266 3345 333 3410 iam
352 3367 455 3411 unum
476 3346 653 3432 exprimis
674 3347 715 3412 de
735 3346 816 3412 iuris
837 3345 974 3412 seientia
995 3345 1211 3433 scriptoribus
1226 3366 1321 3429 argu·

174 3457 318 3514 mentum
338 3469 433 3512 suum
454 3447 603 3534 pluribus
626 3449 779 3536 operibus
800 3457 1020 3535 pertractasse
1036 3445 1081 3534 (p.
1100 3447 1187 3533 182).
1218 3446 1322 3530 Quasi

174 3571 253 3614 vcro
274 3548 490 3636 suppositicia
511 3551 634 3637 scripta
655 3551 732 3638 quia
747 3552 809 3617 sub
823 3550 946 3617 illustri
960 3550 994 3616 S.
1009 3550 1098 3616 Aelii
1111 3550 1244 3617 nomino
1257 3549 1328 3616 fer·-

241 3789 262 3857 1)
281 3793 447 3859 Pomponius
471 3805 555 3856 quum
572 3792 587 3853 ξ
605 3794 620 3842 2
640 3795 668 3843 et
686 3793 701 3844 ‘1
721 3791 854 3843 eiusmodi
874 3790 1094 3858 appellationem
1116 3792 1180 3842 inde
1202 3793 1320 3842 maxime

173 3881 325 3944 repeterat,
344 3877 476 3943 quonism
495 3881 624 3928 suctores
642 3875 713 3927 nihil
726 3875 760 3928 de
772 3892 822 3928 suo
837 3877 992 3928 adiecerint
1009 3878 1120 3944 legibus
1137 3877 1183 3928 vel
1202 3865 1320 3928 sotioni-

174 3962 224 4014 bus
243 3961 383 4027 collectis,
404 3977 502 4029 parum
525 3977 582 4012 rem
606 3978 660 4014 acu
683 3963 785 4029 tetigit.
820 3961 876 4014 Sed
899 3962 971 4029 quod
989 3963 1062 4014 idem
1081 3963 1138 4014 ‘ius
1156 3962 1319 4014 Aeliannm’

174 4047 340 4112 simpliciter
359 4046 498 4115 appellat,
518 4063 579 4098 cum
594 4053 689 4100 antes
712 4049 756 4099 ius
779 4048 884 4100 civile
909 4053 936 4100 st
959 4049 1125 4100 Flavianum
1148 4051 1177 4098 et
1193 4047 1320 4112 Papiria-

174 4147 237 4184 num
255 4134 411 4198 notaverit,
429 4132 458 4184 id
475 4134 611 4185 nemiuem
634 4134 732 4201 opinor
753 4134 852 4184 mirum
869 4134 997 4186 habebit:
1021 4138 1051 4184 ut
1069 4133 1209 4184 Huschkii
1232 4133 1320 4198 expli-

175 4219 285 4271 catione
303 4233 364 4270 mco
389 4217 498 4284 quidem
522 4219 670 4272 intellectu
692 4218 850 4271 difficiliore
869 4235 894 4285 p.
915 4222 965 4271 180
987 4219 1061 4270 haud
1083 4221 1201 4285 gravate
1224 4232 1319 4270 carcre

171 4305 318 4369 possimus.
350 4304 412 4357 Non
434 4305 537 4356 maiore
561 4305 621 4355 iure
640 4303 802 4356 Huschkius
826 4305 862 4356 sd
882 4305 969 4358 verba
990 4307 1081 4356 ‘veluti
1097 4302 1223 4353 caccabata
1240 4292 1319 4354 iun's’

173 4389 236 4442 addi
255 4391 366 4440 ‘meilis’
384 4390 463 4442 iubet
480 4407 506 4456 p.
525 4389 582 4441 181'.
