3282 4992
358 371 406 418 DE
428 371 480 418 XII
502 371 715 420 TABVLARVM
739 371 917 433 annlqvns
940 370 1186 421 OOLLIGENDIS.
1302 355 1344 424 43

198 535 315 592 lancem
330 531 457 591 tabens:
472 532 525 604 que'
537 532 565 590 se·
578 530 652 602 quid
664 531 817 602 invenerit,
830 531 909 590 iubet
918 530 951 588 td
960 532 1012 589 lex
1019 529 1139 602 furtum
1153 530 1345 603 manifestum
1376 572 1382 584 .

198 637 282 694 esse?
313 628 406 693 Haec
421 637 534 714 aperte
554 625 664 691 hiulca
679 637 765 692 sunt.
803 627 870 708 Qui
891 629 978 693 enim
994 627 1074 692 furti
1089 628 1254 712 concepti,
1277 629 1300 692 i.
1315 651 1344 693 e.

199 730 340 818 quaesiti
356 738 388 794 et
408 729 535 797 inventi
552 729 606 813 (cf.
624 733 644 810 ξ
661 729 732 794 186.
754 729 875 795 Paulus
892 729 981 794 Sent.
999 728 1035 794 II
1047 730 1099 810 31,
1116 730 1147 812 3,
1163 728 1231 816 5)¹)
1255 729 1345 815 tripli

199 856 306 921 poena
320 832 424 896 fuisse
440 839 562 918 potest,
579 853 652 896 cum
668 832 781 896 eadem
798 833 909 897 statim
925 830 1054 895 dicatur
1075 853 1136 918 par
1150 831 1256 896 fuisse
1268 853 1344 917 poe-

198 959 262 1000 nae
287 931 457 999 manifesti
481 933 585 998 furti?
614 933 828 998 Manifestum
849 942 959 996 autem
984 931 1108 998 furtum
1130 931 1183 998 vel
1209 931 1344 1017 capitali

201 1037 362 1123 supplicio
378 1032 432 1101 vel
447 1035 631 1100 addictione
651 1034 854 1100 vindicatum
871 1057 943 1099 esse
964 1043 1063 1100 antea
1084 1033 1215 1099 dixerat
1236 1037 1255 1114 ξ
1272 1033 1343 1098 189.

201 1140 243 1204 of.
262 1136 388 1205 Gellius
405 1137 458 1201 XI
477 1137 526 1217 18,
544 1137 562 1200 7
580 1159 629 1221 sq.
659 1137 752 1217 Quae
768 1136 942 1202 conciliare
956 1138 1020 1202 viri
1036 1135 1124 1201 docti
1140 1136 1247 1202 conati
1268 1144 1344 1200 sunt

199 1241 262 1323 ita,
283 1250 319 1305 ut
340 1239 405 1304 duo
426 1237 507 1324 legis
529 1248 705 1326 praecepta
726 1239 813 1325 apud
830 1238 952 1303 Gaium
972 1240 1211 1304 discernerent:
1233 1259 1344 1324 quam·

199 1365 298 1429 quam
326 1341 367 1406 de
393 1341 464 1427 ipso
487 1339 673 1405 discrimine
698 1363 814 1428 parum
836 1340 1088 1406 consentientes.
1134 1339 1344 1430 Schweppius

202 1446 289 1508 enim
306 1444 406 1526 (Hist.
423 1443 485 1508 iur.
501 1442 595 1508 Rom.
613 1447 632 1524 ξ
648 1443 711 1509 328
725 1466 757 1530 p.
774 1443 852 1528 490)
868 1441 988 1530 aliique
1004 1465 1078 1508 cum
1098 1441 1234 1508 modum
1250 1463 1346 1527 quae·

200 1546 295 1610 rendi
310 1567 384 1610 cum
399 1543 492 1608 lance
508 1553 540 1609 et
555 1543 630 1609 licio
645 1546 680 1608 in
694 1556 833 1631 utroque
849 1544 989 1610 eundem
1004 1567 1046 1609 ex
1061 1543 1135 1629 lege
1156 1543 1263 1608 fuisse
1279 1553 1344 1608 sta·

202 1657 313 1727 tuant,
335 1656 404 1712 tum
425 1644 528 1712 altero
550 1657 725 1734 praecepto
746 1667 885 1733 poenam
905 1645 1073 1712 manifesti
1092 1645 1174 1711 furti
1194 1681 1238 1693 —-
1257 1651 1346 1732 ‘qua-

201 1747 322 1836 drupli'
337 1741 477 1835 poenam
492 1748 612 1813 vitiose
629 1756 662 1812 et
676 1747 887 1834 Schweppius
909 1747 1059 1818 obtrudit
1080 1756 1113 1813 et
1127 1745 1283 1812 Ludenus
1304 1747 1345 1812 de

201 1852 282 1917 furti
296 1850 429 1916 notione
451 1873 483 1936 p.
503 1850 542 1915 18
562 1888 603 1898 —-
626 1852 655 1914 si
674 1873 726 1915 res
749 1851 837 1938 apud
858 1850 967 1936 ipsum
988 1849 1111 1931 furem,
1133 1850 1235 1915 altero
1256 1847 1347 1935 tripli

199 1975 354 2042 poenam,
378 1953 406 2015 si
428 1953 515 2038 apud
537 1975 622 2034 eum,
644 1954 737 2018 cuia
758 1953 832 2017 fure
852 1951 966 2018 oblata
986 1952 1102 2034 fuerit,
1119 1961 1277 2038 concepta
1292 1953 1345 2033 sit,

200 2055 319 2121 sanciri
340 2054 541 2120 existimant.
572 2054 670 2136 Quod
685 2064 738 2120 sat
751 2055 833 2119 mire
847 2056 1018 2120 inventum
1039 2063 1167 2119 tantum
1182 2054 1293 2137 abest,
1309 2063 1346 2118 ut

199 2157 253 2223 vel
274 2180 316 2222 ex
331 2157 396 2223 Gai
416 2157 527 2223 verbis
550 2157 732 2223 subsidium
756 2157 1009 2244 sibiparaverit
1029 2155 1082 2221 vel
1104 2165 1142 2221 ut
1157 2157 1241 2222 Gaio
1262 2156 1346 2222 bene

200 2259 415 2338 consuluerit,
433 2267 471 2323 ut
484 2259 593 2345 potius
608 2259 717 2344 ipsum
733 2257 856 2323 Gaium
870 2257 1102 2342 gravissimum
1118 2257 1346 2340 adversarium

199 2362 335 2448 habeat:
367 2362 461 2426 ouius
491 2370 525 2425 et
555 2361 789 2426 sententiarum
817 2361 902 2425 ratio
930 2369 1027 2446 atque
1053 2382 1157 2424 nexus
1183 2369 1217 2424 et
1243 2360 1346 2426 verba

200 2469 390 2543 ‘concepti
408 2476 441 2527 et
462 2468 581 2527 oblati
594 2482 694 2542 poena
709 2484 750 2526 ea
765 2469 830 2542 lepe
844 2466 916 2527 XII
927 2467 1095 2526 tubulorum
1110 2467 1194 2541 tripli
1207 2469 1268 2526 est'
1285 2461 1343 2546 (cf.

199 2573 220 2650 8
244 2566 305 2631 186
326 2565 390 2652 sq.)
414 2574 447 2630 et
466 2557 609 2630 maxime
631 2570 651 2648 ἕ
674 2565 734 2630 193
756 2569 855 2644 ‘quod
876 2571 929 2628 tta
949 2571 1125 2643 quaesita
1150 2587 1200 2630 res
1225 2571 1345 2629 inventa

199 2674 307 2733 maiori
318 2689 434 2748 poenae
447 2672 633 2732 subiiciutur'
650 2669 718 2731 vim
733 2667 797 2732 sibi
812 2667 884 2731 fieri
898 2675 1023 2732 vetant.
1059 2667 1177 2754 Itaque
1198 2665 1345 2754 plerique

198 2771 234 2834 in
254 2793 326 2834 eam
347 2771 545 2836 sententiam
568 2779 736 2835 cesserunt
756 2792 853 2856 quam
868 2770 993 2854 primus
1010 2769 1097 2855 quod
1118 2770 1219 2834 sciam
1237 2769 1344 2834 Lude-

199 2896 259 2938 nus
282 2871 430 2952 deffurti
453 2874 587 2938 notione
610 2870 795 2937 secundum
817 2872 869 2936 ius
889 2894 971 2937 rom.
995 2869 1108 2956 (Ionae
1131 2871 1226 2958 1831)
1249 2894 1281 2957 p.
1306 2872 1345 2936 18

200 2974 439 3061 pronuntiavit,
456 2974 680 3060 copiosissime
696 2974 838 3040 omnium
854 2973 1034 3039 illustravit
1049 2973 1287 3057 Vangerowius
1305 2973 1345 3038 de

199 3074 288 3142 furto
301 3085 456 3163 concepto
470 3099 511 3141 ex
523 3075 594 3161 lege
601 3075 673 3140 XII
685 3074 872 3140 tabularum
880 3073 1048 3160 (Heidelb.
1061 3074 1156 3154 1845)
1169 3097 1201 3160 p.
1210 3074 1342 3160 18sqq.:

198 3189 236 3244 ut
253 3177 434 3264 simplicem
455 3178 539 3243 inter
560 3187 592 3243 et
614 3177 804 3243 sollemnem
822 3177 900 3241 furti
922 3176 1145 3262 quaestionem
1166 3175 1345 3261 distingue-

200 3289 288 3364 rentq
304 3301 442 3365 quarum
458 3281 601 3345 alteram
611 3279 780 3364 vulgarem
797 3301 879 3362 esse,
897 3277 1034 3344 alteram
1051 3277 1138 3364 (cum
1153 3277 1245 3343 lance
1262 3287 1295 3342 et
1308 3276 1345 3340 li-

200 3382 266 3466 cio)
281 3404 346 3458 non
361 3381 490 3446 institui
504 3382 570 3446 nisi
585 3381 743 3448 adversus
765 3405 839 3446 eum
855 3381 927 3468 qui,
949 3379 1127 3466 simplicior
1149 3378 1206 3445 illa
1221 3381 1344 3467 quomi-

200 3507 260 3548 nus
275 3495 497 3570 perageretur,
519 3483 796 3570 prohibuerit:
819 3483 906 3548 unde
929 3482 1033 3564 effici,
1054 3492 1092 3547 ut
1113 3483 1214 3564 hanc,
1230 3492 1345 3570 utpote

199 3607 282 3672 quae
309 3596 341 3650 11
362 3576 531 3672 quaerenti
558 3585 790 3650 molestissima
816 3585 859 3651 sit
885 3595 918 3650 et
938 3586 1095 3650 maiorem
1115 3585 1241 3671 prodat
1260 3584 1344 3650 furis

199 3688 348 3755 fraudem
375 3697 473 3773 atque
494 3687 792 3774 importunitatem,
815 3687 982 3752 manifesti
1003 3687 1084 3752 furti
1110 3709 1232 3773 poena,
1253 3685 1344 3752 illam

201 3788 306 3855 levior
322 3788 410 3875 tripli
425 3800 593 3876 sequatur.
616 3788 795 3874 Utramque
812 3789 913 3874 igitur
928 3787 1035 3874 legem
1054 3791 1090 3854 in
1101 3789 1192 3854 hunc
1212 3787 1344 3853 modum

266 4079 287 4145 ⁵)
306 4081 379 4131 Mira
398 4086 426 4132 et
443 4083 551 4132 ratione
571 4085 599 4132 11
616 4083 804 4132 inconstantia
822 4080 983 4133 Huschkius
1002 4080 1036 4131 de
1062 4084 1139 4146 tigno
1158 4081 1252 4130 iuncto
1270 4094 1298 4144 p.
1313 4081 1343 4129 11

199 4167 378 4232 ‘concipere’
398 4167 584 4232 repetitura
604 4182 673 4216 curn
694 4167 759 4216 aliis
778 4165 930 4233 capienda,
955 4167 1020 4231 quia
1039 4167 1173 4217 ‘testibus
1192 4154 1349 4229 praesenti-¹

198 4253 260 4302 bus'
280 4252 388 4317 capitur
407 4251 481 4315 (Gai.
494 4252 510 4312 ξ
524 4251 598 4316 186)1
616 4268 642 4316 p.
657 4255 688 4302 12
706 4253 808 4302 furtum
827 4252 973 4314 concipere
991 4251 1061 4301 nihil
1079 4249 1156 4301 aliud
1173 4249 1243 4299 dicit
1260 4249 1345 4314 signi-

198 4335 282 4388 ficare
300 4337 357 4387 nisi
375 4337 449 4402 ‘ipso
467 4337 544 4387 facto
568 4336 725 4402 reperiendi
748 4339 839 4389 animo
864 4338 1010 4404 concipere
1035 4340 1064 4387 et
1086 4333 1249 4406 persuaderi
1272 4334 1344 4387 hanc

200 4437 260 4472 eam
277 4437 335 4474 rem
354 4437 415 4474 esse
434 4435 516 4488 quam
534 4423 608 4476 furto
626 4420 801 4490 perdideris)
911 4467 913 4471 ,
