3282 4970
303 257 362 363 lus
719 309 831 357 csrvr
854 305 1032 368 quurvu.

217 430 220 436 l
298 469 434 558 ponium
445 463 736 554 Dig.·1,2,2§32.
752 461 934 549 Vopiscum
946 485 978 527 v.
991 458 1091 525 Probi
1104 467 1188 524 extr.
1205 457 1274 525 Nec
1285 458 1448 527 transitus

299 571 495 658 exprimitur
505 569 570 634 nisi
585 569 603 633 I
618 569 639 632 4
654 570 830 647 ‘proletario
845 570 916 628 lam
932 568 1010 630 ciui
1022 569 1088 642 quis
1100 568 1176 626 ualet
1186 565 1298 627 uindex
1308 569 1392 627 esto!
1403 601 1449 613 -

299 676 346 741 At
361 675 495 761 gravius
512 669 639 738 aceedit
650 668 798 735 alterurn.
820 666 919 731 ‘Ast'
931 664 1017 730 enim
1031 665 1065 728 in
1081 665 1222 750 antiquis
1234 664 1366 750 linguae
1379 688 1448 732 mo·

298 778 462 843 numentis
476 775 669 859 neutiquam
682 769 876 857 opponentis
891 789 963 832 esse
978 789 1016 832 ac
1030 787 1164 852 prorsus
1181 766 1312 832 differre
1327 767 1369 833 ab
1386 773 1448 835 ‘at’

298 875 478 970 particulae
498 877 630 943 notione
651 882 684 940 et
702 893 765 938 usu
787 868 951 937 subtiliter
972 867 1146 954 indagavit
1165 866 1385 934 Buechelerus
1412 870 1449 935 in

299 979 506 1047 Fleckeiseni
521 976 641 1043 Annal.
657 972 736 1062 phil.
749 973 790 1038 79
802 996 834 1060 p.
847 971 924 1038 765:
944 972 1005 1037 etsi
1021 991 1119 1057 quam
1133 969 1203 1056 ipse
1215 969 1384 1057 professus
1396 983 1451 1039 est

298 1082 467 1150 meliorem
483 1077 694 1158 sententiam,
715 1099 756 1141 ne
776 1076 884 1161 ipsam
904 1073 1036 1160 quidem
1056 1073 1134 1138 mihi
1155 1073 1346 1140 satisfacere
1370 1098 1448 1142 con-

298 1187 405 1252 fiteor.
428 1183 496 1265 Qui
503 1179 738 1248 Ciceronianae
753 1177 896 1242 maxime
911 1175 992 1262 Iegis
1008 1176 1119 1241 verbis
1135 1184 1244 1241 motus
1260 1176 1300 1242 de
1315 1175 1450 1262 1ngss

300 1288 332 1370 8,
350 1287 389 1352 19
402 1290 505 1351 ‘Diuus
523 1294 553 1349 el
565 1303 615 1348 eus
629 1287 682 1362 qul
694 1287 835 1346 caelestes
849 1299 965 1358 semper
980 1282 1087 1361 latiur,
1109 1283 1225 1344 colunto
1244 1289 1274 1344 et
1288 1286 1360 1345 ollos
1375 1301 1450 1359 quos

298 1394 375 1455 enula
399 1395 483 1454 caelo
511 1392 617 1450 merila
645 1388 877 1459 conlocauerat,
906 1385 1083 1460 Herculem,
1114 1385 1254 1467 liberum
1389 1397 1451 1448 ast

298 1498 389 1574 olla,
412 1499 542 1572 propter
563 1508 641 1568 qaae
667 1490 760 1550 datar
785 1490 897 1550 bomini
917 1473 1079 1548 adscensus
1099 1490 1129 1548 in
1149 1489 1282 1562 caelum,
1307 1488 1447 1565 Mentem,

307 1585 464 1671 Vr’rlutern,
486 1596 640 1657 Pr'etalem’
664 1611 692 1653 e.
708 1611 740 1675 q.
757 1611 784 1653 s.
804 1586 922 1655 statuit
940 1588 1030 1652 ‘ast'
1052 1584 1133 1650 nihil
1155 1584 1244 1650 aliud
1261 1585 1448 1672 significare

299 1698 363 1762 nisi
379 1703 450 1779 ‘ut’,
466 1695 514 1760 ita
528 1701 647 1774 101000,
662 1700 699 1756 01
713 1713 752 1756 00
766 1688 927 1778 particula
942 1688 1091 1754 similiter
1106 1696 1203 1775 atquc
1216 1687 1344 1754 Graeca
1357 1689 1449 1782 chet

221 1881 223 1886 Ι
299 1797 474 1865 relative
488 1803 647 1881 usurpata
661 1802 694 1859 et
709 1791 1029 1858 demonstrative
1043 1828 1080 1839 -
1095 1790 1137 1855 cf.
1149 1789 1265 1856 Livius
1284 1791 1318 1855 X
1336 1793 1387 1879 19,
1407 1796 1447 1860 17

300 1901 702 1967 ε01110110001111101001001
718 1900 799 1972 dats,
815 1906 872 1961 ast
884 1915 938 1974 cao
953 1902 1053 1962 uuueo'
1068 1932 1111 1944 -
1131 1893 1215 1960 ratio
1231 1899 1341 1986 potius
1362 1920 1449 1985 quae

299 2006 384 2070 inter
399 2023 548 2069 caussam
563 2010 597 2067 et
611 2001 876 2085 consequentiam
891 1997 1033 2064 invicem
1047 1999 1229 2068 intercedat
1243 2001 1308 2087 (tut
1320 2037 1360 2049 -
1369 2001 1447 2085 ita')

300 2106 513 2194 exprimatur.
552 2103 681 2185 Quibus
702 2100 920 2190 adstipulatus
936 2099 1223 2168 Reifferscheidius
1244 2104 1280 2168 in
1295 2103 1380 2170 llus.
1397 2103 1447 2168 rh.

298 2208 377 2297 phil.
393 2205 498 2274 XVII
517 2230 549 2294 p.
564 2205 628 2270 294
648 2204 714 2270 alia
734 2227 776 2270 ex
798 2203 967 2270 Ciceronis
989 2203 1117 2290 legibus
1138 2205 1291 2293 exempla
1310 2204 1444 2291 collegit

300 2311 420 2398 quibus
449 2308 622 2390 relativam
646 2308 811 2373 notionem
837 2308 903 2371 iam
923 2307 1094 2372 transiisse
1120 2307 1154 2372 in
1181 2309 1445 2395 temporalem

299 2414 466 2500 probaret.
504 2411 628 2476 Verum
649 2409 809 2476 eiusmodi
829 2408 1002 2474 transitum
1023 2408 1056 2473 in
1076 2409 1158 2496 ipsis
1180 2407 1280 2475 Tullii
1300 2409 1443 2497 antiquis

300 2515 447 2582 fontibus
462 2535 526 2578 usu
540 2512 670 2578 venisse
685 2515 749 2578 n‘on
765 2535 846 2598 opus
869 2520 920 2576 est
934 2533 1114 2576 sumamus:
1138 2512 1291 2598 nimirum
1312 2523 1345 2579 et
1363 2511 1448 2578 haec

300 2615 452 2703 exempla
466 2624 499 2680 et
514 2637 598 2701 quae
613 2615 684 2702 ipse
699 2612 919 2680 Buechelerus
935 2636 978 2707 en
992 2614 1093 2700 regiis
1108 2612 1236 2699 legibus
1258 2623 1291 2680 et
1305 2614 1447 2681 fratrum

300 2715 474 2785 Arvalium
494 2717 712 2782 monumentis
733 2716 860 2797 attulit,
886 2737 1002 2802 parum
1022 2715 1118 2780 huius
1145 2715 1290 2803 opinioni
1319 2716 1447 2784 favent.

301 2820 386 2886 Sunt
399 2819 486 2883 enim
500 2818 595 2883 haec:
613 2817 708 2883 Servi
723 2817 813 2882 'Iulli
827 2818 883 2883 Iex
897 2816 987 2904 apud
1001 2817 1138 2884 Festum
1151 2841 1185 2905 p.
1199 2819 1263 2884 230
1277 2825 1317 2883 ‘ss'
1324 2840 1447 2900 paren--

301 2933 359 2988 tem
369 2943 452 3002 puer
465 2925 611 3000 amberta,
632 2932 690 2986 ast
704 2927 761 2986 olle
773 2927 930 3002 plorassit,
948 2920 1061 3005 puer1)
1081 2925 1157 2986 durs
1174 2931 1338 3002 parentam
1358 2941 1447 2985 sacer

300 3032 385 3090 esto?
413 3023 521 3090 Fratr.
547 3020 661 3090 Arval.
684 3043 770 3088 mon.
792 3022 832 3087 Τ.
852 3023 971 3089 XXIV
995 3021 1013 3086 I
1039 3021 1059 3086 8
1079 3023 1162 3087 Mar.
1190 3027 1270 3087 ‘asta
1297 3023 1333 3109 (i.
1350 3045 1377 3088 e.
1400 3036 1449 3088 usl

301 3126 379 3215 ta)²)
395 3147 432 3192 ea
447 3133 490 3192 tta
505 3130 610 3204 fassis
627 3137 698 3191 lune
712 3131 767 3192 tibi
780 3131 896 3190 nornine
916 3130 1024 3204 calleat
1038 3129 1185 3203 (fratrum
1202 3131 1372 3207 Ar)uallurn
1393 3130 1447 3190 bo-

301 3269 504 3281 ....-—--—

370 3352 390 3417 ¹)
409 3359 504 3419 ‘paren
519 3357 595 3418 paer’
615 3351 685 3411 cod.,
704 3366 764 3402 cum
778 3349 891 3402 librarii
909 3347 982 3401 oculi
1000 3350 1035 3401 ad
1046 3351 1140 3416 prlora
1158 3356 1302 3416 ‘parentem
1318 3354 1394 3416 paer'
1412 3376 1448 3388 -

302 3453 356 3490 non
375 3437 547 3502 adsequens
566 3439 720 3502 ‘parentem‘
739 3440 770 3486 ut
787 3435 938 3487 Muellerus
956 3439 1089 3501 putat-
1107 3435 1308 3488 aberraverint.

369 3521 391 3587 ²)
410 3524 461 3572 ‘as’
481 3521 597 3572 formam
617 3536 699 3586 quam
717 3522 800 3574 etiam
818 3521 937 3588 Vergilii
953 3520 1101 3572 Palatinus
1119 3526 1240 3574 testatur
1257 3517 1326 3574 Aen.
1348 3522 1374 3572 X
1397 3523 1447 3573 743

301 3606 473 3660 Ribbeckius
491 3607 521 3656 in
537 3605 716 3658 Fleckeiseni
733 3606 834 3657 Annal.
852 3621 879 3656 v.
898 3608 931 3656 77
949 3623 977 3672 p.
995 3607 1045 3658 188
1062 3609 1092 3657 in
1111 3607 1344 3673 comparationem
1362 3623 1446 3658 voca-

301 3696 344 3746 vit
361 3696 492 3745 101001οο
510 3691 615 3742 formae
635 3695 705 3758 ‘pos’
730 3691 919 3743 altilschelio
939 3692 1020 3755 (Mus.
1039 3689 1080 3746 rh.
1099 3692 1152 3744 VII
1169 3694 1219 3745 556
1237 3705 1298 3756 sqq.
1323 3692 1360 3743 cl.
1379 3692 1446 3744 VIII

303 3781 352 3832 155
370 3794 429 3845 sqq.
450 3777 481 3828 G.
502 3775 614 3827 Curtius
637 3777 668 3826 in
685 3777 790 3828 Kuhuii
806 3777 906 3842 Annal.
925 3776 938 3826 I
956 3777 1005 3827 268
1023 3777 1095 3844 sqq.)
1115 3783 1143 3830 et
1165 3783 1261 3830 erutae
1285 3782 1313 3828 01
1336 3778 1446 3844 expedi-

201 3869 206 3876 “
303 3870 365 3916 tae:
384 3868 415 3914 ut
433 3860 658 3928 quemadmodum
676 3861 746 3914 haec
765 3861 936 3928 amplificata
956 3865 998 3913 est
1016 3862 1115 3914 suffixo
1130 3863 1447 3930 ’ωε-1011000101)

302 3953 400 4016 ‘post’r
419 3949 462 3998 lta
480 3945 576 3998 eodem
595 3946 704 3999 adiecto
724 3963 757 3999 ex
776 3944 839 4012 ‘sas’
859 3946 988 3998 effectum
1006 3948 1044 3998 sit
1061 3952 1179 4012 ‘as-te’,
1199 3952 1284 4000 ‘ast’.
1313 3949 1373 4000 Nec
1385 3949 1445 3999 sine

302 4033 499 4100 probabilitate
517 4031 545 4082 id
564 4031 684 4097 quidem:
704 4033 758 4084 etsi
775 4031 872 4082 littera
890 4036 903 4081 t
919 4031 1009 4084 videri
1028 4033 1116 4100 possit
1135 4037 1163 4084 et
1180 4035 1210 4084 in
1227 4033 1445 4085 110110011ηο-

301 4119 368 4170 lium
386 4117 477 4170 titulis
494 4116 635 4184 partIcuIa
658 4132 719 4167 cum
742 4117 901 4182 pronomine
925 4119 953 4166 in
976 4133 1059 4169 unum
1082 4118 1260 4170 coalescente
1283 4135 1338 4170 non
1361 4119 1442 4186 gemi-

302 4209 371 4255 nata
391 4219 503 4255 esse-
521 4218 555 4252 ac
573 4201 666 4252 XXIII
683 4205 717 4253 49
735 4207 778 4253 001
796 4206 853 4252 ‘ast
875 4207 917 4252 la’
934 4229 966 4239 -
984 4204 1058 4254 etio
1077 4203 1239 4270 Vergiliano
1258 4204 1367 4267 codice,
1393 4217 1464 4266 qno

302 4304 355 4340 uno
374 4289 436 4340 Ioco
453 4293 537 4354 poeta
556 4291 621 4339 ants
640 4292 837 4340 consonantem
863 4303 896 4339 ea
915 4288 1003 4340 lorma
1021 4289 1105 4340 utitur
1123 4293 1169 4339 ‘as
1191 4289 1224 4340 de
1241 4305 1279 4340 me
1297 4290 1378 4340 diuam
1398 4305 1446 4354 pa-

251 4358 261 4372 ’
303 4376 354 4426 ler’
373 4359 428 4429 etc.
448 4389 540 4426 errore
558 4388 716 4441 suppressa.
751 4372 828 4426 Illud
845 4389 911 4428 vero
930 4373 1001 4442 quod
1023 4371 1184 4427 dubItanter'
1206 4373 1278 4426 idem
1301 4374 1446 4440 proposuIt
