3282 4992
285 391 350 444 tm
391 409 392 412 ¹
553 433 556 438 .
756 391 954 449 PRAEFATIO

285 557 441 636 denegare
465 568 518 617 aut
540 556 610 619 volo
634 569 685 617 aut
701 561 727 618 si
742 560 837 618 velim
852 561 982 640 possim:
1007 579 1114 620 verum
1136 558 1194 620 hoc
1209 553 1307 622 solum
1324 574 1429 619 metim

286 669 352 719 erat
374 680 480 737 agere,
512 669 546 720 ut
573 662 641 739 ipsa
668 662 746 740 legis
769 671 1003 741 praeceptorum
1024 664 1158 740 vestigia
1184 662 1266 742 apud
1289 671 1429 722 auctores

284 769 407 821 veteres
429 762 537 822 relicta
560 747 782 841 conbuirerem.
822 764 926 842 Atque
948 765 1039 823 huius
1063 748 1211 823 fastorum
1233 766 1429 824 correctionis

191 859 193 865 ⁴
285 873 408 941 praeter
431 863 619 924 Ovidianum
648 865 857 925 testimonium
886 887 924 924 ex
946 867 1086 926 Varrone
1107 866 1263 940 haustum,
1299 865 1338 926 de
1368 886 1428 944 quo

284 985 359 1026 vere
381 965 498 1025 iudicat
514 967 721 1027 Mommsenus
744 988 774 1045 p.
792 969 840 1040 32,
865 966 947 1027 idem
970 977 1076 1027 monet
1098 967 1451 1050 significationem'etsi,

285 1065 490 1127 obscuriorem
513 1088 570 1128 nec
584 1069 644 1128 fide
669 1068 840 1150 digniorem
857 1068 1050 1148 deprehendi
1072 1069 1104 1128 in
1120 1070 1254 1149 Dionysi
1271 1069 1428 1127 Halicarn.

286 1169 325 1229 de
349 1162 532 1230 decemviris
553 1170 680 1248 alterius
703 1173 779 1229 anni
802 1173 979 1230 narratione
1000 1173 1032 1230 X
1048 1172 1087 1229 59
1111 1167 1146 1231 ἐν
1169 1168 1204 1230 δὲ
1226 1173 1271 1251 τῷ
1295 1166 1428 1230 κατόπιν

264 1319 267 1325 .
285 1251 347 1332 {rei
362 1268 603 1348 παραλαβόντες
618 1270 676 1346 alr
692 1267 846 1348 ὑπατικὴν
863 1268 1006 1335 troarno
1023 1269 1053 1332 oi
1071 1270 1127 1333 (ὺν
1143 1267 1265 1353 Ἀππίῳ
1284 1267 1428 1352 Κλαυδίῳ

284 1370 360 1433 δέκα
376 1368 490 1448 ἄνδρες
510 1369 605 1434 εἰδοῖς
621 1370 738 1448 puicu·
761 1369 920 1450 ἦγονδὲ
942 1372 1033 1434 τοὺ(
1056 1375 1179 1449 μῆνας
1201 1371 1296 1434 κατὰ
1318 1371 1428 1448 εελή-

284 1493 356 1549 νην
380 1473 441 1535 καὶ
464 1468 699 1537 ευνέπιπτεν
723 1459 778 1536 εἰ(
804 1473 871 1536 τὰ(
895 1471 1024 1561 εἰδοὺς
1047 1472 1065 1550 ἡ
1090 1471 1339 1549 πανεὲληνο(
1361 1474 1427 1534 κτλ.

283 1579 351 1638 Nec
380 1577 419 1636 de
447 1575 659 1637 intercalando
683 1579 757 1658 quin
782 1576 895 1636 diserte
920 1578 1143 1656 praescriptum
1171 1577 1266 1636 fuerit
1293 1577 1325 1636 in
1341 1577 1427 1655 lege,

285 1679 447 1762 dubitandi
462 1699 567 1764 ansam
583 1681 679 1738 luisse
701 1681 761 1738 iam
778 1681 919 1738 intellexi
937 1681 1026 1758 eique
1049 1679 1215 1758 praecepto
1238 1698 1326 1738 suum
1348 1679 1429 1737 inter

284 1781 456 1858 fragmenta
483 1782 584 1840 locum
611 1782 713 1840 tribui.
762 1781 912 1840 Nimirum
944 1802 1011 1840 cnm
1044 1783 1076 1839 in
1111 1799 1193 1839 nova
1224 1779 1428 1840 intercalandi

284 1883 406 1960 regula,
436 1902 498 1962 qua
524 1881 800 1962 intra‘quaternos
829 1903 928 1942 annos
959 1884 1019 1942 duo
1048 1901 1185 1956 menses,
1217 1883 1296 1942 alter
1317 1881 1429 1960 viginti

283 1986 375 2044 trium
394 1984 518 2058 dierum,
542 1987 654 2062 viginti
677 1984 804 2045 duorum
827 1986 904 2044 alter
926 1986 1194 2063 interpolarentur,
1219 1982 1311 2043 carde
1334 1984 1427 2042 totius

284 2087 458 2146 novationis
475 2087 687 2146 decemviralis
698 2103 883 2160 versaretur,
900 2095 965 2146 tum
981 2085 1140 2165 probabile
1156 2085 1428 2164 est-Sempronium
1521 2075 1523 2080 ¹

284 2188 473 2247 Tuditanum
502 2196 533 2248 et
562 2187 701 2247 Cassium
728 2189 894 2248 Heminam
922 2189 1092 2247 annalistae
1122 2193 1186 2247 nori
1214 2187 1339 2246 aliunde
1367 2188 1428 2245 nisi

285 2311 324 2349 ex
344 2291 413 2370 ipsa
434 2291 505 2367 lege
527 2291 594 2351 XII
616 2273 787 2350 tabularum
811 2309 898 2350 suam
920 2290 959 2350 de
981 2291 1035 2350 illa
1057 2289 1218 2366 rogatione
1242 2289 1428 2348 mentionem

284 2392 423 2470 petiisse.
1191 2375 1194 2386 ’
1230 2449 1232 2454 s

369 2494 516 2573 Denique
523 2494 714 2575 postliminii
730 2498 794 2554 iure
809 2496 882 2555 huic
900 2495 967 2554 loco
984 2493 1210 2556 restituendum
1226 2504 1272 2553 est
1286 2523 1328 2534 ·—-
1344 2491 1428 2571 quod

284 2595 397 2654 nollem
421 2595 534 2656 factum
557 2605 591 2654 ut
613 2597 690 2675 eripi
712 2597 786 2656 mihi
808 2607 987 2676 paterer-
1009 2599 1134 2656 tertium
1158 2616 1216 2674 quo
1240 2595 1429 2674 compleatur

276 2714 428 2756 'numerus
465 2696 699 2776 splendidorum
726 2699 908 2759 Mommseui
938 2699 976 2759 de
998 2699 1063 2759 XII
1092 2695 1204 2757 tabulis
1241 2690 1433 2756 meritorum,

284 2799 363 2858 Nam
386 2799 439 2878 qui
461 2798 557 2858 fastos
579 2798 716 2860 reddidit
731 2790 920 2874 de‘c'emviris,
944 2801 1028 2860 idern
1050 2802 1087 2861 ab
1103 2800 1201 2859 isdem
1220 2801 1311 2859 etiam
1326 2817 1428 2856 uum-

284 2919 423 2959 morum
446 2901 721 2978 signandorum
744 2901 1110 2982 institutumprofectum
1133 2921 1217 2974 esse,
1247 2920 1314 2958 cum
1336 2907 1428 2958 antea

276 3002 496 3062 'tantummodo
520 3002 600 3062 aeris
623 3003 689 3062 sive
712 3003 795 3062 rudis
818 3005 884 3064 sive
907 3005 1021 3082 signati
1043 3023 1115 3062 usus
1143 3003 1265 3076 fuisset,
1296 3002 1429 3060 feliciter

229 3112 235 3119 ’
286 3104 428 3164 odoratus
452 3113 499 3164 est
520 3105 602 3164 Hist.
626 3105 670 3164 rei
693 3107 880 3164 nummariae
902 3106 989 3165 Rom.
1012 3127 1042 3186 p.
1061 3107 1120 3164 175
1136 3125 1198 3184 sqe.
1221 3103 1305 3163 unde
1327 3102 1427 3182 sequi-

285 3216 335 3265 tur
356 3227 399 3282 ne
418 3206 477 3264 hoc
500 3206 622 3286 quidem
645 3207 677 3265 in
701 3227 816 3284 genere
839 3209 876 3266 ab
899 3207 1101 3266 Atheniensis
1129 3205 1314 3286 legislatoris
1338 3206 1431 3291 faste-

285 3327 350 3366 rum
366 3308 503 3368 eiusdem
520 3309 609 3368 atrei
629 3311 817 3368 nummariae
839 3309 1093 3369 administratoris
1115 3310 1256 3387 exemplo
1277 3308 1430 3366 defecisse

287 3409 476 3482 decemviros
499 3411 664 3470 Romanos.
710 3409 811 3488 Quam
834 3411 957 3489 quidem
979 3431 1043 3470 rem
1066 3431 1133 3469 cum
1157 3420 1187 3469 et
1210 3431 1249 3470 ex
1270 3409 1348 3486 legis
1364 3408 1431 3466 XII

286 3513 408 3572 statutis
425 3512 465 3571 de
488 3524 680 3572 sacramento
701 3512 801 3591 deque
824 3513 1001 3572 iniuriarum
1024 3514 1133 3591 poenis
1151 3510 1198 3590 (II
1215 3514 1243 3570 1.
1259 3511 1340 3570 VIII
1355 3512 1384 3568 3.
1400 3511 1430 3570 4.

286 3614 358 3674 add.
377 3613 438 3692 10.)
463 3623 494 3674 et
517 3624 745 3694 extemporum
767 3615 886 3674 ratione
909 3616 991 3674 inter
1012 3615 1113 3675 varias
1136 3616 1232 3692 leges,
1258 3613 1367 3692 quibus
1391 3610 1430 3669 de

273 3717 380 3774 ‘multa
409 3717 545 3795 pecorali
568 3718 693 3796 eiusque
715 3717 748 3774 in
779 3717 989 3794 pecuniariam
1016 3717 1184 3776 mutatione
1214 3725 1333 3775 cautum
1359 3733 1428 3773 esse

286 3819 430 3892 traditur,
455 3818 669 3878 intercedente
699 3819 742 3876 ita
764 3818 818 3877 ille
842 3819 1056 3893 illustraverit,
1087 3820 1125 3879 de
1149 3839 1186 3879 ea
1208 3828 1244 3878 ut
1265 3815 1429 3896 vix'quid-

287 3938 377 4000 qnam
399 3929 496 3980 restet
518 3919 733 3992 dubitationis,
761 3929 825 3978 tum
848 3921 993 3981 disertam
1016 3921 1153 3981 eiusdem
1176 3919 1430 4000 significationem

286 4023 391 4082 nescio
428 4043 467 4081 an
501 4021 595 4082 Gaius
633 4020 856 4093 subministret,
894 4023 967 4081 licet
996 4023 1119 4083 diversa
1147 4021 1321 4083 confundat
1341 4005 1429 4076 'Inst
1463 4028 1474 4045 ¹

286 4123 302 4182 Ι
326 4106 385 4180 122
411 4123 489 4201 (luc.
513 4122 549 4196 fr.
574 4120 606 4200 9)
631 4126 710 4182 ‘ideo
734 4133 828 4182 antem
851 4142 902 4182 uer
925 4130 1048 4184 artiora
1071 4130 1239 4197 adhibetur,
1270 4127 1337 4198 quia
1367 4125 1430 4176 olim

287 4229 383 4297 aereis
398 4235 507 4283 tantum
522 4231 642 4283 nammis
657 4229 820 4299 utebantur,
845 4236 872 4284 ct
898 4237 983 4286 erant
1006 4245 1100 4301 asses,
1124 4229 1275 4301 dupondii,
1299 4226 1432 4279 semisses

288 4337 315 4386 et
337 4329 523 4402 quadrantes,
548 4345 602 4385 nec
625 4333 702 4385 ullus
724 4347 834 4386 oureus
851 4336 895 4388 vel
917 4339 1073 4405 arpentcus
1088 4347 1218 4388 nummus
1239 4332 1268 4383 in
1283 4342 1338 4403 usu
1355 4330 1428 4391 erut,

287 4434 384 4491 sicut
411 4445 456 4487 ecc
482 4434 560 4510 lepe
582 4433 649 4488 XII
668 4435 878 4490 lutatiorum
900 4437 1116 4506 inteltepcre
1143 4415 1364 4503 posa'umus'.
1389 4455 1431 4476 -—
