3282 4992
271 353 315 418 42
693 369 806 418 cneus
831 369 995 418 rnnrrvn.
1041 399 1045 404 -

273 530 358 595 dum,
375 545 413 588 ae
427 532 468 600 is,
485 531 538 602 qui
550 531 641 588 seira
654 543 720 588 eam
735 543 776 586 11
790 530 872 601 leqe
886 527 1077 602 repudiatam
1092 542 1151 586 mom
1165 544 1242 599 esse,
1259 527 1326 586 dolo
1340 529 1419 586 malo

272 633 433 690 committat
439 633 448 661 '
464 625 568 710 legem
584 623 703 688 Iuliam
718 625 828 710 potins
845 643 944 711 quam
960 623 1030 688 XII
1046 623 1309 709 exDigestorum
1325 623 1418 688 titulo

272 725 437 794 intellexit
458 749 531 791 cum
547 727 711 792 Balduino
734 735 767 790 et
780 726 971 810 Augustino
985 725 1172 790 Dirksenus
1194 749 1226 812 p.
1242 726 1316 790 296.
1345 725 1418 789 Iam

272 851 376 914 aeque
392 828 433 893 de
449 830 534 894 sexti
549 828 626 894 libri
647 829 831 913 fragmento
847 827 890 892 D.
906 827 959 909 44,
975 827 1007 909 6,
1023 828 1043 891 3
1060 825 1146 912 (XII
1160 826 1196 911 5)
1212 835 1287 892 ‘rem
1308 832 1420 906 deque

271 937 472 994 controuersia
498 941 541 994 est
562 935 756 1010 prohibemur
785 938 816 993 iu
843 949 964 994 sacrum
991 933 1151 994 mamare.-
1177 935 1309 1008 alioquim
1336 934 1423 1010 dupli

270 1053 397 1113 poeaam
416 1039 567 1112 patiraur'
588 1054 669 1126 nem
688 1031 731 1096 ad
752 1030 824 1099 XII
842 1031 1021 1118 respiciant
1037 1029 1195 1122 ¹dubitare
1216 1030 1307 1098 licet:
1338 1054 1421 1117 quae

274 1135 438 1202 dubitatio
459 1157 525 1200 non
546 1133 674 1200 tollitur
696 1134 742 1198 eis
765 1156 849 1220 quae
873 1141 1069 1220 sequuntur:
1088 1136 1160 1198 ‘sed
1178 1138 1304 1213 duplum
1324 1145 1423 1198 amium

271 1245 344 1314 (isco
359 1257 400 1300 aa
415 1241 591 1300 aduersario
609 1241 826 1316 praestandum
841 1243 892 1312 sit,
917 1239 993 1298 mibil
1011 1240 1217 1314 exprimitur)
1255 1237 1302 1299 At
1316 1237 1424 1321 quarti

273 1339 351 1404 libri
372 1337 479 1404 locum
494 1339 537 1402 D.
552 1337 608 1420 47,
625 1338 661 1420 9,
678 1338 698 1402 9
719 1335 818 1422 (VIII
834 1337 867 1423 9)
891 1343 958 1415 ‘qui
976 1342 1065 1401 aedes
1086 1356 1260 1402 aemuumae
1276 1341 1426 1418 frumeuti

274 1448 361 1506 1111111
382 1433 498 1504 domum
514 1446 643 1520 positum
669 1445 873 1514 combusserit,
901 1443 1015 1503 uiuctus
1036 1444 1209 1504 verberatas
1236 1446 1299 1520 iqui
1317 1447 1423 1504 maceri

273 1547 403 1616 iubetur,
426 1549 454 1606 si
465 1547 552 1607 modo
566 1548 661 1606 scieas
671 1547 866 1621 prudensque
887 1545 921 1605 id
933 1547 1126 1606 commiserit:
1148 1548 1176 1606 si
1194 1562 1264 1606 aero
1282 1561 1372 1614 casu,
1389 1547 1423 1606 id

156 1661 165 1670 “
273 1651 533 1727 estimaretur,
550 1655 603 1708 111
617 1650 739 1708 moriam
754 1651 870 1710 sarcire
890 1649 1005 1708 iubetur
1026 1654 1079 1708 aut
1097 1649 1236 1708 siminus
1250 1647 1426 1709 idoaeuasit

166 1755 168 1762 “
274 1755 367 1813 terius
381 1753 557 1825 casdqatur.
581 1751 791 1836 appellatione
805 1757 903 1811 autem
925 1749 1045 1811 aedium
1060 1751 1154 1810 ommis
1167 1751 1280 1828 speeies
1294 1749 1427 1822 aeditimi

273 1855 538 1917 1111111111-
558 1849 680 1916 iniuria
700 1851 734 1913 in
756 1849 996 1916 dubitationem
1017 1859 1222 1916 vocaverunt
1242 1848 1425 1915 Henslerus

274 1954 327 2018 De
342 1953 469 2018 ratione
484 1953 519 2018 in
533 1950 709 2037 puniendis
726 1950 853 2016 doliolis
870 1950 969 2036 culpa
983 1951 1165 2015 commissis
1182 1951 1337 2037 apRom.
1356 1975 1422 2020 ser·

274 2053 558 2121 veteranam
582 2077 615 2140 p.
639 2054 676 2118 17
700 2076 771 2140 sqq.
794 2061 826 2119 et
850 2054 1070 2120 Waechterns
1097 2053 1150 2117 De
1176 2055 1269 2119 crim.
1292 2055 1423 2120 inoend„

274 2156 365 2243 Lips.
384 2157 465 2222 1833
481 2179 513 2243 p.
530 2157 571 2222 22
587 2179 674 2246 sqq,
697 2178 772 2220 cnm
794 2158 835 2221 de
851 2154 1031 2242 supplicio,
1054 2154 1150 2240 quale
1171 2155 1272 2221 fuerit
1286 2157 1424 2244 impera-

274 2260 360 2326 toria
374 2269 483 2325 aetate
500 2260 698 2346 acciperent.
725 2258 787 2327 Oui
802 2258 851 2322 rei
865 2268 903 2323 ut
916 2279 1033 2346 parum
1047 2259 1224 2344 patrocinii
1239 2257 1368 2325 accedit
1383 2281 1425 2326 ex

275 2363 443 2449 praesenti
458 2372 605 2448 tempore
618 2365 766 2438 ‘iubetur’‚
783 2366 972 2438 ‘easdqamr’
984 2368 1097 2446 utpote
1109 2360 1143 2423 in
1156 2361 1424 2452 interpretatione

275 2466 355 2530 serti
369 2463 538 2550 praecepti
553 2462 634 2548 legis
652 2485 673 2526 a
686 2463 770 2528 Gaio
786 2471 884 2528 antea
899 2465 1062 2550 propositi
1075 2475 1241 2556 versante,
1252 2503 1296 2512 -
1307 2457 1424 2530 oeteris

275 2566 361 2632 enim
383 2587 468 2652 quae
488 2567 583 2630 affert
597 2561 813 2630 Waechterus
834 2589 867 2652 p.
883 2565 934 2630 24.
958 2565 999 2630 26
1015 2589 1063 2652 sq.
1086 2567 1287 2653 argumentis
1309 2589 1425 2635 vereor

274 2678 312 2733 ut
331 2668 404 2753 ipse
425 2689 578 2752 magnam
599 2666 668 2732 vim
686 2667 840 2732 tribuerit
854 2692 912 2732 -1
936 2669 982 2734 ita
1002 2691 1108 2754 neque
1127 2670 1201 2756 ipsa
1221 2691 1348 2755 poenae
1370 2668 1423 2734 de-

275 2769 446 2856 scriptio¹)
461 2790 567 2855 neque
591 2768 744 2854 antiquus
760 2768 937 2836 verborum
958 2770 1048 2837 color
1063 2772 1216 2857 (³aoxiam
1231 2777 1361 2838 sarcire’
1377 2771 1424 2835 iu·

274 2872 371 2938 betur
387 2871 430 2936 cf.
448 2871 488 2935 T.
504 2869 592 2937 VIII
607 2870 656 2934 13.
684 2869 810 2935 Gellius
827 2871 880 2935 XI
897 2872 951 2953 18,
969 2874 1002 2962 8)
1025 2895 1085 2940 nee
1107 2872 1248 2961 denique
1270 2873 1424 2940 vocabuli

275 2972 363 3060 quod
380 2983 431 3039 est
445 2970 569 3038 ‘aedes'
585 2970 762 3057 explicatio
779 2975 948 3038 convenit:
973 2996 1057 3061 quae
1078 2975 1210 3060 quidem
1230 2994 1367 3061 prorsus
1383 2999 1424 3040 ex

275 3097 366 3140 more
381 3085 433 3141 est
446 3072 527 3162 legis
542 3073 761 3162 interpretum
776 3074 818 3139 ef.
837 3074 942 3140 Gaius
958 3077 1000 3142 D.
1018 3077 1075 3160 50,
1095 3078 1152 3160 16,
1168 3077 1210 3141 62
1234 3081 1341 3156 ‘Tipmr'
1357 3098 1422 3156 up·
1485 3140 1492 3144 .

272 3183 434 3256 pellatiome
448 3185 479 3244 ia
494 3182 565 3242 XII
577 3182 652 3243 tabb.
669 3195 754 3242 omme
770 3199 867 3256 pertas
885 3185 1030 3244 materiae
1050 3200 1091 3244 aaa
1111 3200 1171 3258 qua
1193 3185 1334 3257 aedificia
1347 3200 1423 3244 eom-

274 3292 355 3344 111111
367 3286 577 3359 siqaipteatur!
601 3281 664 3345 236
673 3281 717 3361 §1
736 3285 877 3344 ‘Glamdis
892 3287 1091 3360 appellatione
1106 3288 1199 3346 ommis
1211 3284 1333 3357 fructus
1347 3301 1423 3351 conf

249 3455 251 3458 .
275 3387 406 3446 timetur?
429 3383 492 3448 233
508 3386 527 3464 ξ
542 3381 563 3445 2
580 3385 696 3446 ‘Telum
712 3389 798 3460 ouiqo
812 3387 931 3460 quidem
952 3389 986 3447 id
999 3389 1170 3464 appellatur
1189 3367 1271 3462 quod
1289 3389 1329 3448 ab
1348 3404 1425 3448 arcu

275 3489 414 3556 mittitur,
429 3489 484 3549 sed
497 3505 577 3548 auae
592 3505 675 3548 omae
690 3491 878 3562 siquidaatur
892 3491 973 3564 quod
985 3493 1109 3575 mittitur
1123 3473 1237 3551 mauu?
1253 3486 1297 3551 al.

362 3585 520 3653 Graviori
532 3608 610 3652 vero
628 3587 800 3652 offensioni
816 3597 892 3652 sunt
907 3610 992 3675 quae
1004 3587 1045 3653 de
1054 3587 1218 3654 furtorum
1229 3589 1343 3675 poenis
1353 3588 1425 3675 lege

276 3688 438 3754 institutis
448 3687 551 3754 Gaius
565 3688 667 3754 tradit
674 3687 818 3754 Inst.III
832 3691 890 3754 191
900 3714 949 3779 sq.
962 3695 1115 3770 ‘Coacepti
1124 3700 1153 3754 et
1163 3691 1422 3777 oblati(sc.furti)

269 3811 371 3872 poema
392 3813 433 3855 eu
451 3798 516 3870 lepe
535 3795 608 3858 XII
624 3796 795 3857 tabularum
817 3799 902 3872 tripli
919 3805 962 3858 est
981 3813 1076 3873 eaque
1090 3798 1226 3858 similiter
1242 3813 1267 3856 a
1283 3804 1425 3872 praetore

274 3904 421 3960 seruetur.
454 3898 599 3958 Prodibiti
618 3900 695 3958 actio
718 3899 886 3973 quadrupli
897 3916 945 3970 aaa
965 3900 1061 3960 edicto
1085 3901 1235 3974 praetoris
1255 3900 1425 3960 introducta

276 4001 364 4076 (est).-
389 4004 441 4061 leae
466 4006 563 4061 autem
585 4017 619 4060 ea
640 4003 756 4060 aomtme
778 4003 893 4062 multam
916 4017 1046 4077 poenam
1066 4003 1232 4070 constituit·
1257 4002 1312 4062 boe
1331 4003 1425 4062 solum

269 4107 438 4182 praecipit,
464 4112 497 4164 ut
521 4104 573 4178 qui
597 4120 745 4179 quaerere
772 4103 868 4171 uelit(
882 4103 981 4164 audus
1007 4113 1150 4180 quaerat,
1183 4105 1272 4164 limteo
1301 4105 1423 4178 cinctae,

281 4243 482 4266 4.-

321 4336 324 4348 '
343 4339 363 4403 ¹)
384 4343 420 4394 cf.
439 4341 594 4394 Dirksenns
613 4343 768 4407 1115311,
788 4342 836 4406 qni
855 4340 952 4393 eadem
970 4341 1003 4392 de
1018 4356 1119 4394 caussa
1132 4356 1187 4392 non
1198 4355 1280 4407 posse
1294 4340 1328 4392 de
1340 4341 1424 4393 Prae-

275 4425 344 4478 toris
363 4425 454 4479 edioto
473 4426 592 4494 eogitari
610 4425 658 4492 (of.
679 4426 781 4480 Collst.
800 4425 855 4480 XII
873 4427 900 4490 l)
919 4429 1026 4478 statuit.
