3282 4992
297 311 349 389 ,84
719 325 831 372 clrv'r
855 326 1032 384 overrun.

306 501 444 544 mannus
463 480 499 544 in
519 477 641 545 Annal.
666 478 727 545 iur.
751 479 864 543 scient.
885 477 998 544 histor.
1020 478 1071 542 IX
1095 479 1155 543 138
1177 478 1324 544 Turnebi
1344 499 1449 544 emen-

307 582 475 648 dationem
512 586 734 647 ‘venumdato’
770 580 1021 667 praeferendam
1056 581 1183 647 monuit
1223 583 1451 667 persuasitque

234 757 236 761 ,
306 684 524 769 Boeckingio.
567 685 614 749 At
645 707 703 750 suo
737 684 806 748 iure
827 682 1022 748 Huschkius
1048 681 1194 747 futurum
1219 684 1361 769 primum
1386 703 1451 746 non

307 809 379 852 esse
395 786 491 852 huius
507 785 571 853 loci
585 794 675 851 ratus
693 790 920 852 ‘venumdavit’
941 809 1007 853 non
1026 786 1133 851 minus
1155 809 1176 852 a
1194 785 1379 852 litterarum
1393 785 1452 850 du·

305 889 414 955 atibus
436 888 700 955 commendatum
721 887 855 955 Ouiacio
883 898 1060 976 praeeunte
1086 888 1246 955 restituit:
1275 909 1375 975 quam
1401 887 1451 951 fu·
1493 931 1499 940 ,

306 991 373 1058 turi
393 992 429 1056 II
451 991 591 1056 formam
612 992 679 1056 iam
704 1012 772 1056 non
800 999 851 1055 est
871 1013 929 1056 our
948 991 1199 1077 repudiemus.¹)
1230 990 1384 1056 Notanda
1403 1001 1454 1055 est

307 1101 415 1158 autem
436 1094 600 1180 scriptura
619 1097 750 1169 ‘duait’‚
772 1115 838 1180 qua
862 1093 942 1159 satis
969 1091 1131 1158 refellitur
1157 1091 1243 1157 God.
1271 1092 1453 1158 Hermanni

307 1197 418 1282 opinio
432 1196 452 1264 l.
468 1195 489 1259 l.
506 1195 599 1260 ‘dui'
614 1195 794 1281 perfectum
809 1195 904 1262 verbi
924 1195 1014 1283 quod
1034 1204 1084 1260 est
1099 1195 1178 1260 ‘do'
1194 1195 1452 1280 interpretantis.

308 1297 515 1385 Quamquam
543 1298 668 1385 pariter
696 1295 850 1361 Ouiaoius
881 1297 1005 1362 erravit
1033 1319 1109 1362 cum
1139 1303 1255 1362 ‘davit’
1286 1306 1449 1365 exararet:

308 1422 406 1487 quam
422 1401 583 1466 rationem
598 1400 777 1465 etiamnum
792 1409 868 1465 sunt
879 1400 939 1485 qui
953 1408 1086 1464 teneant
1101 1421 1218 1486 parum
1238 1397 1287 1463 illi
1301 1408 1452 1484 reputan-

307 1511 356 1567 tes
372 1525 428 1584 ea,
444 1525 527 1590 quae
543 1510 638 1566 acute
653 1511 767 1567 contra
788 1502 915 1566 monuit
931 1501 972 1566 G.
989 1500 1123 1567 Curtius
1139 1501 1181 1566 de
1201 1509 1301 1587 temp.
1317 1508 1351 1564 et
1364 1498 1451 1564 mod.

307 1604 408 1691 pali
425 1603 464 1669 cl.
472 1603 751 1690 261.-Namque
765 1602 1039 1689 quemadmodum
1054 1602 1155 1684 a‘fu',
1171 1611 1268 1668 aucta
1278 1600 1402 1667 vocalis
1417 1603 1451 1665 vi

307 1705 490 1792 perfectum
506 1706 587 1772 ‘fui'
604 1705 774 1770 descendit
789 1705 846 1792 (cf.
863 1704 990 1770 Ennius
1003 1707 1089 1770 Arm.
1106 1703 1219 1772 440V.
1236 1701 1344 1768 Plaut.
1357 1702 1451 1788 Capt.

308 1807 385 1888 112,
400 1789 450 1871 12.
467 1806 563 1889 1114,
578 1807 640 1872 100
651 1806 692 1870 al.
708 1805 907 1872 Ritschelius
920 1806 1048 1890 Proleg.
1061 1827 1093 1892 p.
1104 1807 1189 1894 171),
1203 1828 1223 1870 a
1235 1803 1332 1892 ‘pllio'
1350 1804 1453 1891 ‘plui’‚

304 1931 329 1972 a
343 1906 429 1974 ‘lrio'
446 1907 524 1972 ‘lsi’
542 1907 665 1992 (Varro
681 1908 722 1974 de
737 1907 756 1976 l.
773 1907 864 1973 LIX
880 1907 972 1994 104),
988 1909 1030 1973 ab
1052 1910 1163 1974 ‘eriro'
1180 1908 1298 1988 ‘erui',
1315 1912 1453 1992 ‘argrio'

307 2010 437 2095 ‘argui',
461 2013 591 2076 ‘annrio’
608 2011 730 2076 ‘annui’
748 2010 949 2094 (Priscianus
965 2033 998 2096 p.
1014 2009 1076 2074 882
1090 2010 1128 2074 Ρ.
1144 2009 1168 2074 1,
1176 2033 1208 2096 p.
1223 2010 1287 2075 504
1301 2008 1359 2096 Η.)
1381 2011 1394 2092 )
1411 2047 1450 2058 -

307 2113 342 2178 in
357 2112 476 2199 quibus
491 2111 603 2177 verbis
619 2111 769 2178 omnibus
785 2113 948 2199 posterior
963 2110 1094 2175 demum
1107 2120 1199 2176 aetas
1215 2110 1363 2177 vocalem
1378 2132 1448 2180 cor·

305 2214 409 2300 ripuit
428 2238 480 2278 —:
497 2215 545 2279 ita
559 2236 579 2278 a
595 2213 692 2279 ‘drio’
709 2252 751 2262 --
766 2236 864 2302 quam
876 2216 1011 2300 stirpem
1026 2222 1156 2300 praeter
1172 2212 1295 2296 ‘da-o'‚
1312 2213 1379 2279 ‘do’
1396 2237 1451 2279 ex-

308 2315 415 2382 titisse
440 2315 496 2382 vel
519 2315 629 2402 potius
655 2338 697 2380 ex
722 2317 784 2382 hac
810 2315 1009 2381 declinatam
1039 2315 1183 2402 quadam
1216 2315 1451 2402 depravatione

308 2416 411 2482 fuisse
426 2427 459 2483 et
474 2417 672 2483 coniunctivi
683 2419 898 2505 praesentis³)
913 2418 1039 2500 formae
1054 2417 1245 2505 ‘perduam'
1262 2419 1450 2483 ‘oreduam'

309 2520 397 2606 apud
419 2519 573 2585 Plautum
594 2519 822 2586 et'Umbrioae
843 2519 973 2606 linguae
993 2519 1193 2607 comparatio
1214 2520 1336 2606 (umbr.
1358 2523 1454 2586 ‘inv-⁹

309 2621 443 2708 (nov-⁹)
459 2631 590 2708 praeter
605 2622 696 2706 ‘der’
714 2626 799 2706 ‘ter'
821 2644 863 2687 ex
877 2622 989 2687 radice
1003 2622 1086 2708 ‘da’)
1103 2630 1136 2686 et
1149 2621 1383 2706 glossariorum
1398 2645 1454 2687 vo-

308 2745 361 2788 ces
382 2723 531 2789 indicant
546 2729 655 2788 ‘duero
670 2729 754 2806 dore,
776 2730 896 2790 vincere
919 2722 980 2808 (?)’
1006 2722 1059 2788 (sl.
1077 2722 1199 2809 Papiae
1222 2724 1279 2809 (of.
1302 2724 1371 2790 Mai
1386 2723 1454 2789 Vll

320 2899 513 2906 ...η’-

379 3014 398 3082 ¹)
417 3016 508 3067 Aliter
525 3016 632 3082 quidem
650 3015 827 3068 statuendum
846 3018 890 3066 est
907 3014 941 3067 de
960 3015 1063 3067 codicis
1076 3016 1316 3068 Vercellensis
1334 3018 1364 3067 in
1382 3015 1454 3071 Coll.

309 3100 364 3167 leg.
383 3101 450 3152 Mos.
471 3106 505 3152 01-
516 3103 593 3155 Rom.
611 3103 651 3153 XI
670 3104 694 3163 1,
714 3105 728 3151 1
746 3103 885 3167 scriptura
903 3103 1110 3152 ‘venumdarent’
1130 3118 1177 3168 pro
1196 3104 1359 3154 ‘vendiderit’
1379 3100 1455 3166 (mirr-

309 3187 380 3240 ded.’
399 3186 502 3251 Berol.)
522 3202 593 3251 quae
613 3186 747 3251 quomodo
765 3192 834 3237 nata
852 3187 897 3248 sit,
917 3189 1023 3239 nescire
1043 3187 1184 3244 salassus
1204 3193 1246 3238 est
1258 3187 1454 3239 Lachmannus

309 3271 338 3319 in
356 3271 456 3322 Annal.
475 3272 529 3326 iur.
547 3272 646 3325 scient,
667 3271 763 3326 histor.
781 3272 820 3322 IX
840 3272 899 3321 198.
935 3270 990 3322 Sed
1008 3288 1041 3322 ex
1059 3273 1182 3323 rusticae
1205 3271 1319 3339 linguae
1339 3288 1454 3324 consue-

309 3353 418 3417 tudine,
437 3355 602 3420 qualis-fuit
620 3358 650 3406 in
667 3355 719 3406 illa
736 3357 864 3422 regione,
888 3356 1081 3422 explicandam
1105 3372 1166 3408 esse
1188 3373 1262 3408 nnnc
1286 3363 1454 3426 compertum

310 3441 443 3492 habemus
467 3457 500 3490 ex
519 3439 623 3491 codicis
648 3441 736 3504 ipsius
759 3456 867 3506 quoque
886 3441 1124 3492 vercellensis
1146 3442 1239 3494 Edict.
1262 3459 1357 3510 regum
1378 3444 1453 3494 Lan·

310 3523 492 3590 gobardorum
514 3525 673 3576 testimonio
692 3526 722 3575 P.
743 3527 792 3577 195
816 3527 858 3576 ed.
880 3525 971 3577 Baudi
994 3543 1010 3577 a
1034 3527 1134 3578 Vesme
1158 3524 1239 3594 (Aug.
1262 3528 1346 3579 Taur.
1376 3526 1454 3593 1855)

310 3593 425 3675 ‘posteris
444 3607 473 3673 (i.
493 3626 516 3662 e.
535 3609 690 3676 postquam)
708 3616 810 3675 pendor
827 3613 881 3662 eius
898 3627 941 3662 res
959 3628 1020 3662 suas
1036 3615 1250 3664 venundavit)

377 3693 398 3760 ²)
423 3695 459 3744 cf.
485 3693 636 3746 Corssenus
660 3694 693 3747 de
717 3695 820 3748 Enunt.
845 3696 873 3746 II
897 3698 954 3748 159.
979 3696 1071 3762 Symb.
1092 3699 1154 3748 erit.
1178 3715 1206 3764 p.
1224 3699 1289 3759 231,
1313 3699 1360 3764 qui
1382 3697 1454 3750 haec

309 3781 396 3833 verba
419 3780 454 3830 ad
476 3780 619 3844 antiquum
642 3781 782 3831 scribendi
805 3797 891 3848 genus
916 3786 984 3833 ‘ou’
1007 3797 1142 3834 revocans
1165 3783 1302 3834 immerito
1330 3783 1455 3835 abutitur

309 3865 396 3920 Maer.
408 3865 466 3916 Sat.
485 3865 533 3915 14
551 3865 732 3916 auctoritate:
752 3881 805 3930 quo
824 3847 1012 3919 loco⁰formae
1030 3868 1172 3931 ‘foverint’
1191 3868 1221 3918 in
1241 3868 1383 3919 codicibus
1401 3883 1454 3919 nec

309 3951 375 4002 vola
397 3967 449 4002 nec
471 3949 620 4016 vestigium
644 3954 695 4000 est.
730 3950 772 4001 An
790 3951 912 4017 Bergkio
931 3953 977 4002 fas
1002 3958 1045 4002 est
1067 3952 1179 4005 eredere
1198 3951 1268 4016 ‘frit’
1293 3956 1312 4004 a'
1332 3952 1454 4019 redupli-

311 4040 373 4086 cato
392 4036 481 4100 ‘susci'
500 4037 639 4101 repetenti
658 4035 766 4098 (Dium.
786 4040 842 4086 act.
862 4037 949 4101 antiq.
969 4037 1068 4091 scient.
1088 4055 1114 4091 a.
1135 4041 1201 4091 1856
1219 4030 1346 4106 p.'134)?

378 4120 399 4184 ³)
419 4121 455 4173 cf.
473 4120 576 4171 Paulus
596 4136 656 4171 exc.
676 4137 709 4172 ex
726 4121 811 4172 Festo
828 4139 854 4187 p.
874 4123 907 4181 60
930 4125 1054 4174 ‘ereditas
1072 4126 1185 4178 credas)
1221 4125 1289 4175 Rem
1309 4123 1456 4175 confundit

311 4201 343 4256 0.
362 4203 513 4256 Muellerus
533 4205 568 4256 ad
585 4204 665 4258 Paul.
684 4222 710 4270 p.
731 4207 773 4270 27,
793 4222 853 4257 curn
872 4209 1011 4259 ‘adderes’
1031 4207 1103 4274 quod
1122 4209 1279 4275 explicatur
1298 4209 1454 4260 ‘addideris'

311 4303 344 4337 ex
366 4289 512 4340 ‘adduas’
535 4289 612 4340 dicat
634 4282 714 4340 nasci
742 4292 866 4356 potuisse
888 4298 920 4342 ut
943 4296 1096 4359 ‘attinpem'
1120 4311 1163 4360 ap.
1185 4293 1319 4345 Catonern
1343 4310 1376 4344 ex
1399 4299 1454 4344 ‘at-

309 4373 423 4436 tineam!
