3282 4970
320 233 382 302 148
767 250 906 302 risum
926 250 1002 304 vm.

303 495 316 511 ⁵
402 510 507 576 Gaius
522 508 606 574 Inst.
622 508 658 576 II
678 509 732 575 45.
755 509 859 573 ‘Nam
880 511 1036 576 furtiuum
1059 511 1119 598 (sc.
1144 515 1226 596 rem)
1251 511 1307 578 lex
1321 511 1393 580 XII
1415 523 1464 578 ta-

318 611 471 700 bularum
491 634 554 676 usu
576 611 651 698 capi
672 610 848 697 prohibet’
1351 637 1354 642 ’

403 818 432 880 1.
460 815 596 881 Tacitus
618 817 706 880 Ann.
728 814 780 879 VI
802 815 852 881 16.
881 815 982 880 ‘Nam
1010 818 1116 903 primo
1145 814 1317 882 duodecim
1338 818 1464 883 tabulis

317 926 484 998 sanctum,
506 939 548 980 ne
570 917 644 1003 quis
666 917 815 981 unciario
838 915 950 981 fenore
973 917 1112 1003 amplius
1136 925 1328 984 exerceret?

402 1011 433 1082 2'.
456 1016 539 1083 Cato
562 1016 603 1081 de
625 1039 653 1081 r.
668 1039 694 1081 r.
714 1039 764 1103 pr.
788 1018 948 1082 ‘Maiores
973 1019 1058 1083 enim
1081 1019 1186 1085 nostri
1208 1021 1255 1084 sic
1277 1021 1466 1086 habuerunt

316 1130 350 1184 et
371 1120 477 1184 itain
497 1118 626 1204 legibus
648 1119 842 1203 posiuerunt
857 1121 964 1184 furem
980 1120 1073 1205 dupli
1089 1120 1318 1206 condemnari,
1335 1122 1465 1188 fenera-

317 1231 423 1286 torem
446 1219 644 1308 quadrupli?

400 1424 522 1489 Paulus
545 1425 635 1490 Sent.
657 1424 693 1489 II
718 1425 773 1506 12,
798 1427 848 1489 11.
872 1423 955 1492 Ooll.
979 1426 1030 1509 10,
1055 1427 1085 1510 7,
1110 1427 1160 1491 11.
1192 1427 1387 1493 ‘Excussa
1410 1428 1465 1493 de-

314 1529 414 1614 positi
436 1525 507 1612 lege
529 1525 703 1591 duodecim
725 1527 913 1591 tabularum
934 1527 969 1590 in
992 1527 1129 1616 duplum
1150 1529 1237 1594 actio
1260 1530 1381 1596 datur?

400 1731 430 1793 1.
454 1705 568 1794 Cicero
588 1728 632 1794 de
655 1727 709 1794 off.
732 1729 786 1792 III
810 1731 866 1814 15,
889 1731 929 1794 61
954 1733 1077 1817 ‘Atque
1098 1733 1161 1796 iste
1184 1731 1279 1797 dolus
1301 1731 1407 1797 malus
1431 1744 1466 1798 et

314 1831 442 1918 legibus
466 1839 537 1895 erat
557 1829 761 1912 uindicatus,
791 1841 828 1896 ut
849 1831 953 1897 tutela
982 1833 1031 1915 (in
1054 1820 1158 1898 tutela
1179 1835 1317 1921 Heinius)
1342 1833 1463 1899 duode-

316 1933 379 2000 cim
404 1933 543 2014 tabulis,
566 1933 827 2019 circumscriptio
851 1935 1109 2024 adulescentium
1131 1935 1202 2020 lege
1224 1935 1406 2018 Plaetoria,
1430 1945 1466 2000 et

315 2037 386 2101 sine
409 2037 481 2120 lege
507 2035 663 2100 iudiciis?

399 2139 429 2203 2.
452 2136 663 2224 Tryphonius
678 2134 700 2200 l.
716 2137 801 2202 XIV
815 2137 950 2224 Disput.
973 2139 1017 2204 D.
1032 2139 1084 2220 26,
1107 2140 1138 2221 7,
1160 2139 1213 2220 55,
1237 2140 1302 2220 §L
1327 2139 1412 2204 ‘Sed
1434 2141 1465 2204 si

315 2240 381 2327 ipsi
395 2249 521 2305 tutores
543 2261 613 2302 rem
628 2239 747 2324 pupilli
768 2237 871 2305 furati
894 2250 981 2322 sunt,
1004 2239 1188 2321 uideamus,
1211 2262 1254 2304 an
1269 2262 1308 2304 ea
1324 2241 1463 2324 actione,

315 2362 400 2428 quae
421 2341 615 2427 proponitur
636 2363 679 2404 ex
702 2339 773 2424 Iege
796 2341 967 2406 duodecim
989 2341 1175 2406 tabularum
1198 2341 1355 2406 aduersus
1377 2351 1464 2407 tuto·

317 2464 387 2510 rem
409 2443 445 2506 in
467 2441 617 2529 duplum,
642 2440 763 2526 singuli
785 2443 820 2505 in
843 2439 983 2508 solidum
1005 2451 1202 2508 teneantur!
1285 2513 1288 2523 J

316 2736 392 2790 1.1v
410 2735 447 2786 ad
463 2734 514 2785 Ed.
533 2735 568 2786 D.
586 2737 615 2797 2,
636 2735 682 2797 14,
702 2737 717 2785 7
735 2735 750 2794 6
768 2735 800 2784 14
818 2735 905 2786 ‘Nam
924 2734 1003 2786 etde
1022 2735 1097 2786 furto
1114 2735 1221 2800 pacisci
1244 2736 1289 2787 lex
1306 2736 1464 2801 permittit)

315 2822 368 2870 uid.
381 2819 527 2870 Husctitius
544 2820 645 2869 ‘Gaius'
660 2821 718 2872 121.

386 2924 427 2975 11.
452 2921 636 2972 Gaius1149
655 2921 752 2982 ‘Quod
776 2937 841 2987 ergo
865 2921 949 2988 uulgo
968 2921 1068 2972 dicitur
1090 2923 1256 2974 furtiuarum
1278 2937 1369 2988 rerum
1388 2926 1417 2974 ct
1435 2923 1465 2973 ui

317 3021 509 3072 possessarum
531 3005 728 3071 usucapionem
751 3022 801 3070 per
824 3007 915 3072 Iegem
938 3007 992 3058 XII
1016 3007 1173 3058 tabularum
1196 3007 1362 3073 prohibitam
1386 3011 1464 3058 esse’

318 3107 342 3142 e.
356 3107 381 3157 q.
396 3107 418 3141 s.
437 3091 501 3142 inde
520 3093 588 3145 Inst.
600 3093 625 3150 2,
644 3091 660 3139 6
677 3091 774 3155 §2sq.
795 3092 880 3142 ‘Nam
899 3091 1065 3141 furtiusrum
1084 3107 1175 3142 rerum
1192 3092 1243 3142 lex*
1256 3091 1401 3142 duodecim
1420 3096 1465 3142 ta·

316 3178 443 3228 bulsrum
463 3181 491 3227 et
509 3177 556 3226 Iex
574 3177 670 3226 AtInia
692 3175 800 3225 inhibet
821 3176 1032 3240 usucapionem,
1055 3177 1084 3225 ui
1106 3191 1297 3242 possessarum
1323 3176 1369 3227 lex
1391 3177 1466 3226 Iulia

318 3268 347 3314 et
363 3261 483 3312 Plautia.
510 3260 582 3326 quod
601 3265 694 3310 autem
712 3258 817 3310 dictum
836 3265 878 3310 est
896 3261 1062 3310 furtiuarum
1080 3265 1109 3312 et
1126 3263 1157 3311 ui
1173 3276 1362 3327 possessarum
1373 3275 1464 3311 rerum

317 3347 513 3412 usucapionem
537 3362 587 3412 per
608 3344 686 3410 leges
712 3343 820 3409 (legem
842 3362 856 3394 e
878 3347 953 3396 codd.
978 3349 1074 3412 aliquot
1094 3346 1272 3410 Schraderus)
1296 3345 1464 3411 prohibitam

319 3447 380 3483 csse
400 3447 423 3484 e.
437 3447 462 3496 q.
474 3435 508 3480 s.’
545 3431 583 3482 cf.
602 3429 728 3482 Iulianus
746 3429 763 3479 I.
783 3430 872 3480 XLIV
889 3430 952 3496 Dig.
976 3431 1011 3479 D.
1030 3432 1077 3496 41,
1096 3435 1126 3494 3,
1145 3435 1178 3482 33
1195 3447 1237 3496 pr.
1256 3435 1337 3480 ‘nam
1356 3446 1389 3480 ex
1409 3445 1463 3494 qua

319 3532 406 3567 causa
418 3517 481 3579 quis
500 3515 632 3566 ancillam
650 3519 826 3579 usucaperet‚
845 3515 899 3564 nisi
918 3515 963 3564 lex
982 3515 1125 3566 duodecim
1138 3515 1296 3567 tabularum
1308 3514 1354 3565 uel
1367 3515 1465 3566 Atinia

318 3603 456 3664 obstaret,
468 3611 508 3650 ‘ex
527 3616 560 3650 ea
578 3617 665 3651 causa
683 3613 797 3651 necesse
818 3604 860 3650 est
878 3604 987 3665 partum
1003 3602 1134 3665 usucapi'
1153 3616 1178 3654 e.
1196 3616 1221 3665 q.
1239 3615 1262 3650 s.
1297 3601 1357 3650 Lex
1369 3599 1465 3650 Atinia

319 3703 364 3752 ap.
384 3685 502 3737 GeIIIum
514 3686 594 3737 XVII
613 3688 644 3745 7,
661 3687 672 3734 1
692 3684 789 3746 ‘Quod
806 3684 966 3751 subruptum
983 3685 1049 3750 erit,
1069 3685 1128 3736 cius
1145 3687 1187 3736 rei
1205 3689 1321 3736 aeterna
1343 3685 1464 3734 auctori·
1567 3735 1573 3746 ,

318 3775 362 3823 tas
380 3775 460 3825 esto.’
513 3817 520 3827 κ

386 3876 428 3927 20.
446 3873 582 3938 leianus
600 3873 619 3924 1.
639 3873 742 3925 XXXV
761 3873 797 3922 ad
808 3872 862 3924 Ed.
881 3875 914 3924 D.
933 3875 975 3935 26,
995 3875 1036 3936 10,
1056 3875 1070 3923 1
1089 3873 1104 3934 ἓ
1122 3875 1138 3923 2
1158 3870 1296 3937 (iniust
1316 3874 1340 3936 1,
1358 3873 1391 3922 26
1410 3870 1464 3938 pr.)

318 3959 478 4010 ‘Sciendum
497 3963 539 4008 est
556 3959 678 4024 suspecti
697 3958 801 4008 crimen
822 3973 838 4008 e
857 3957 919 4022 lege
938 3957 1080 4008 duodecim
1098 3958 1256 4008 tabularum
1275 3941 1464 4008 descendere!

320 4043 357 4096 cf.
377 4043 475 4094 Cicero
487 4042 521 4093 de
538 4059 577 4094 or.
593 4043 606 4093 1
624 4044 665 4105 36,
680 4043 729 4091 166
744 4058 784 4107 sq.
803 4047 822 4094 ‘.
836 4079 843 4092 .
857 4080 863 4092 .
879 4058 913 4092 ne
934 4043 957 4092 is
975 4058 1024 4108 pro
1043 4058 1095 4107 quo
1113 4044 1173 4108 ipse
1192 4043 1309 4103 diceret,
1329 4041 1404 4107 turpi
1421 4044 1467 4090 tu'-

319 4129 394 4180 telae
408 4127 513 4178 iudicio
525 4132 610 4192 atque
624 4128 698 4177 omni
710 4127 840 4180 molestia
852 4127 973 4177 stultitia
986 4127 1141 4178 aduersarii
1154 4127 1379 4178 liberareturi...
1393 4127 1465 4191 quod

320 4215 393 4264 alter
411 4213 473 4278 plus
492 4207 555 4279 Iege
574 4212 682 4278 agendo
701 4211 817 4278 petebat
836 4228 916 4278 quam
938 4217 1071 4278 quantum
1089 4211 1134 4262 Iex
1158 4211 1186 4261 in
1208 4211 1262 4262 XII
1281 4211 1384 4262 tabulis
1402 4226 1466 4280 per-

319 4299 456 4352 miserat!
