3282 4970
386 216 434 262 os
456 217 508 265 xn
530 215 742 264 renvnnnvn
765 215 942 276 semovns
964 215 1252 264 cousrmvnuors.
1325 199 1383 262 111

244 375 355 435 dictam
372 374 490 447 salsam
509 376 589 448 tulit,
610 377 638 435 si
656 376 725 436 vetit
743 375 786 434 ir'
807 371 872 435 iam
893 368 965 435 dixi
985 369 1083 434 fidem
1108 367 1232 434 nullam
1257 369 1385 436 mereri.
1430 437 1433 447 y

243 472 361 558 Itaque
375 495 416 537 ne
431 470 519 537 VIII
536 472 574 536 11
590 472 721 558 quidem
735 471 922 559 putaverim
943 479 987 536 ‘st
1005 491 1067 536 noa
1083 475 1202 549 [tertam
1219 476 1333 549 faxsit,
1355 480 1387 537 si

241 581 281 638 im
295 581 410 650 occisit,
425 579 491 640 ture
505 594 610 640 caesus
622 581 694 639 esto’
710 573 826 656 fuisse,
843 572 903 639 sed
917 579 986 637 ‘ost
999 579 1039 637 im
1053 580 1177 638 occisit?
1201 573 1290 654 Quin
1304 573 1385 638 illud

242 677 350 763 ipsum
364 676 465 741 etiam
481 676 521 742 de
535 676 645 742 Plauti
665 675 736 765 loco
757 675 862 758 valet,
884 675 977 740 errius
998 697 1084 740 nunc
1099 675 1229 741 demum
1243 697 1328 762 quae
1342 675 1387 740 sit

241 778 326 845 ratio
342 777 556 866 intellegitur,
574 779 669 865 Oapt.
686 777 791 860 1115,
807 777 849 843 25
869 782 921 843 ‘Si
935 798 988 857 epo
1002 783 1051 843 tto
1065 783 1185 859 perito,
1207 789 1264 842 ost
1284 784 1335 842 itte
1354 787 1386 841 ut

242 888 334 955 dixtt,
350 886 517 945 conrodit:
538 892 575 946 at
589 886 648 945 erit
661 884 735 946 mttr'
748 884 803 945 hoc
820 884 937 957 sartam
958 892 1072 952 mortuo
1086 885 1306 945 memorabite’:
1326 879 1385 945 ubi

242 984 412 1070 antiquum
427 981 580 1049 vocabuli
595 990 663 1048 ‘ast'
677 1005 774 1047 usum
790 993 822 1048 et
836 981 965 1049 illorum
979 982 1180 1070 comparatio
1197 992 1230 1047 et
1242 987 1297 1046 ‘ot'
1311 1002 1384 1067 par-

240 1084 341 1150 ticula
355 1085 388 1150 in
403 1085 497 1149 initio
513 1085 667 1172 epodosis
683 1085 763 1150 satis
778 1084 896 1149 innuit.
905 1086 930 1166 ¹)
1412 1165 1414 1170 Ι

326 1186 398 1251 Iam
412 1204 491 1252 vero
511 1187 545 1251 in
559 1185 617 1252 illa
638 1187 723 1252 unde
738 1185 958 1251 Buechelerus
979 1208 1131 1272 egressus
1152 1195 1203 1251 est
1218 1186 1383 1251 Ciceronis

241 1287 313 1374 lege
329 1294 429 1354 ‘dicos
448 1296 566 1354 colunto
582 1338 612 1352 ..
635 1301 664 1354 et
684 1296 755 1354 ollas
771 1339 778 1354 .
796 1341 802 1353 .
819 1300 877 1353 ost
897 1295 958 1354 otto
974 1339 981 1352 .
999 1336 1006 1350 .
1023 1296 1049 1352 .’
1071 1310 1136 1354 non
1156 1288 1261 1373 magis
1284 1291 1397 1374 quom'

240 1393 274 1454 in
289 1388 443 1456 Bellonae
458 1391 666 1457 invocatione
687 1392 776 1477 apud
789 1390 923 1455 Livium
940 1397 1012 1455 ‘ost'
1026 1397 1086 1454 ‘ut’
1101 1389 1155 1456 vel
1170 1391 1241 1455 ‘ita’
1263 1390 1383 1476 signifi-

211 1495 214 1501 ’
241 1502 308 1575 cat,
326 1492 384 1557 sed
400 1497 504 1566 tum',
521 1491 609 1578 quod
630 1491 666 1557 in
679 1492 947 1579 interpretatione
966 1493 1151 1577 glossarum
1166 1491 1254 1580 apud
1271 1491 1383 1557 Chari-

241 1594 324 1658 sium
338 1593 484 1679 iungitur
498 1594 680 1681 particulae
695 1597 795 1659 ‘com’
832 1594 929 1659 Patet
943 1594 1046 1680 igitur
1060 1592 1145 1659 hanc
1159 1594 1383 1681 oppositorum

241 1685 327 1761 ‘cum
342 1734 384 1744 —
399 1704 479 1761 tum'
494 1695 548 1762 vel
563 1698 604 1761 ‘si
621 1737 659 1745 -
675 1704 756 1762 tum'
771 1695 877 1761 vicem
892 1719 958 1766 una
972 1696 1038 1762 ista
1051 1695 1170 1762 vocula
1185 1696 1282 1762 effici.
1321 1696 1384 1760 Oui

240 1797 288 1862 rei
313 1796 403 1863 haud
426 1797 536 1885 inepte
563 1798 808 1887 comparabitur
829 1799 903 1886 ipsa
923 1797 1087 1886 particula
1108 1798 1176 1863 ‘si’:
1204 1819 1383 1886 quaecum

240 1898 466 1966 condicionem
477 1901 649 1988 exprimat,
662 1911 731 1966 tum
743 1910 842 1964 aucta
853 1900 974 1966 suffixo
986 1905 1047 1964 ‘ce'
1059 1900 1382 1982 ‘sice',‘sic'‚itidem-

240 2024 302 2088 que
313 2001 347 2066 in
359 2003 541 2089 composita
551 2027 632 2070 voce
648 2003 836 2090 ‘si-repse',
853 2001 1013 2088 ‘siremps’
1025 2001 1287 2089 (cf.Ritschelius
1297 2003 1382 2067 Mus.

239 2105 288 2169 rh.
303 2104 389 2170 VIII
404 2105 481 2186 303,
497 2106 589 2170 cuius
605 2106 765 2170 rationem
786 2103 1014 2191 simpliciorem
1033 2113 1202 2190 praestare
1216 2103 1384 2168 Huschkii

240 2204 438 2272 derivationi
459 2206 505 2272 ib.
526 2194 731 2273 458'contra
751 2204 973 2272 Ribbeckium
1000 2205 1047 2288 (in
1067 2203 1276 2270 Fleckeiseni
1294 2205 1382 2270 Ann.

239 2301 290 2391 75,
312 2307 388 2395 307)
412 2308 654 2394 contenderim)
677 2307 1038 2374 demonstrativam
1063 2307 1229 2372 notionem
1254 2306 1382 2393 oppo'si-

238 2420 306 2474 tam
321 2410 451 2498 accipit.
490 2410 605 2497 Neque
626 2411 794 2498 antiquam
814 2410 954 2476 formam
969 2414 1081 2473 ‘suad’
1098 2430 1198 2495 quam
1217 2409 1251 2473 in
1272 2431 1382 2496 preca·
1428 2431 1429 2436 ¹

238 2513 327 2578 tione
343 2511 494 2599 augurali
508 2523 546 2579 ut
560 2512 693 2579 videtur
708 2513 841 2579 obviam
856 2519 931 2577 ‘stc'
947 2509 1089 2598 explicat
1103 2509 1259 2576 Messalla
1279 2532 1383 2596 augur

238 2637 291 2702 ap.
312 2614 447 2679 Festum
467 2639 500 2702 p.
521 2615 582 2680 351
603 2616 649 2680 M.
671 2613 814 2680 alienam
834 2636 906 2679 esse
927 2615 970 2680 ab
991 2635 1066 2678 osco
1082 2619 1208 2695 ‘svae’,
1229 2613 1252 2676 i.
1268 2636 1297 2677 e.
1319 2614 1380 2677 ‘si’

239 2716 463 2784 O.Muellerus
477 2717 648 2804 perspexit
663 2718 697 2782 in
712 2715 820 2804 suppl.
833 2738 908 2781 ann.
925 2738 957 2801 p.
969 2716 1048 2800 4113
1064 2715 1105 2784 cf.
1118 2715 1331 2781 Aufrechtius
1346 2715 1381 2778 in

157 2813 159 2818 ’
238 2817 362 2885 Kuhnii
378 2818 464 2884 Ann.
481 2818 499 2882 I
515 2820 577 2884 287
594 2843 626 2884 n.
662 2820 773 2907 Atque
789 2818 831 2883 ad
847 2817 985 2884 alteram
999 2818 1142 2883 maxime
1156 2819 1225 2883 vim
1238 2818 1380 2904 particu-

237 2919 288 2985 lae
305 2928 380 2985 ‘ast'
396 2921 642 2986 accommodata
657 2931 708 2986 est
722 2943 777 3004 ea,
799 2942 898 3007 quam
918 2922 953 2984 in
965 2919 1148 3007 ¹posteriore
1168 2944 1232 2986 usu
1246 2920 1322 2985 inde
1334 2922 1380 2988 ab
1459 2957 1477 2963 ··

237 3021 337 3086 Ennii
357 3030 394 3087 ut
413 3022 546 3088 videtur
569 3032 676 3088 aetate
697 3023 838 3109 accepit:
871 3022 912 3086 de
933 3045 998 3109 qua
1020 3023 1060 3087 cf.
1082 3023 1204 3088 Paulus
1226 3045 1269 3087 ex
1288 3021 1378 3088 Fest.

237 3125 306 3210 p.o
328 3133 393 3189 ‘ast
412 3131 563 3204 stycificut
587 3137 633 3202 at,
659 3131 726 3204 sed,
746 3130 792 3188 vet
815 3131 934 3189 aulem!
978 3125 1045 3205 Qui
1069 3147 1147 3189 usus
1175 3126 1210 3188 in
1234 3124 1378 3190 notionis

238 3225 430 3292 diversitate
445 3228 663 3294 constantiam
679 3225 826 3292 servavit
840 3227 875 3289 in
889 3227 1080 3313 pronomine
1092 3225 1146 3292 vel
1160 3225 1380 3314 pronominali

238 3329 398 3396 vocabulo
413 3340 489 3417 post
505 3335 574 3394 ‘ast'
590 3328 790 3396 collocando.
827 3328 912 3392 Nam
927 3338 964 3394 ut
979 3329 1013 3392 in
1027 3327 1091 3392 illis
1108 3327 1266 3415 exemplis
1287 3339 1378 3394 vetu-

238 3431 298 3495 stis
314 3453 444 3518 semper
458 3431 577 3498 habcs:
600 3435 657 3496 ‘ost
671 3439 744 3513 ille',
760 3437 820 3496 ‘ost
834 3438 888 3514 ια’,
910 3436 970 3495 ‘ost
984 3437 1032 3508 οῖ’,
1054 3434 1113 3495 ‘ast
1126 3437 1187 3508 r'm',
1210 3439 1269 3495 ‘ost
1283 3435 1378 3509 quid,

238 3537 303 3598 ‘ast
315 3539 462 3614 quancto',
478 3536 543 3598 ‘ast
555 3541 644 3613 ollo',
660 3541 724 3598 ‘ast
736 3541 827 3612 eyo':
852 3534 900 3598 ita
919 3557 950 3599 v.
967 3555 995 3599 o.
1016 3555 1059 3598 ex
1072 3531 1210 3618 Vergilii
1231 3533 1378 3597 Aeneide

306 3821 325 3890 1)
344 3828 406 3877 ‘aet’
426 3826 499 3893 apud
516 3825 646 3878 Plautum
664 3830 812 3892 praeterea
829 3842 884 3878 non
902 3829 980 3877 extat
996 3825 1052 3876 nisi
1069 3825 1152 3876 Marc.
1172 3824 1201 3875 II
1220 3827 1247 3884 1,
1266 3827 1299 3874 22
1317 3825 1376 3876 ‘At-

197 3925 199 3928 ·
235 3927 283 3976 pue
301 3914 397 3978 oppido
415 3913 499 3963 lrercle
517 3913 578 3962 bene
596 3916 658 3964 velle
674 3915 745 3964 istud
760 3915 827 3963 visua
843 3929 908 3972 oram,
928 3912 978 3962 Act
999 3928 1049 3962 nou
1066 3911 1160 3960 trabere
1178 3913 1238 3977 quoi
1258 3927 1378 3960 conamen-

234 3999 323 4047 darem
340 3995 471 4062 capram’:
490 4013 569 4062 quem
588 3987 697 4050 versum
716 3997 790 4048 haud
808 3998 867 4049 scio
886 4013 921 4047 an
939 3999 999 4047 iure
1017 3997 1139 4061 spurium
1157 3995 1293 4046 iudicavit
1305 3995 1377 4059 Guy·

235 4085 306 4132 etus.
345 4082 426 4148 Apud
454 4067 614 4133 Terentium
647 4081 754 4148 quIdem
783 4095 920 4146 nusquam
952 4082 1101 4135 invenitur.
1143 4081 1179 4132 cf.
1207 4079 1399 4154 Ritschelius

234 4166 349 4234 Parerg.
368 4167 382 4217 I
400 4183 426 4232 p.
446 4168 504 4218 616.
