3282 4992
384 300 431 346 us
454 301 504 347 xu
528 300 741 348 rasurarum
764 302 942 362 maurotus
966 303 1211 354 oocmenums.
1331 289 1373 355 55

224 469 254 520 tn
270 459 354 520 bomo
368 461 443 520 tertis
457 474 495 518 ac
512 461 670 534 populeris
683 461 872 521 libentissime
886 477 1114 522 commemoras:
1138 461 1282 538 “ceput
1305 465 1370 524 ob-

224 562 363 634 mabtto,
395 561 500 620 arbori
523 561 640 633 infelici
663 564 865 638 suspemdtto''
894 582 921 624 e.
948 582 979 646 q.
1008 584 1034 625 s.
1083 559 1117 624 Is
1144 569 1255 626 autem
1280 562 1370 649 quod

223 659 440 747 Tarquinium
457 658 538 743 legis
563 669 730 726 auctorem
759 660 856 744 facit,
873 683 971 748 quam
987 661 1082 727 Tullo
1098 661 1242 729 Hostilio
1257 663 1373 730 tribuit
1403 741 1407 746 ἱ

223 762 339 827 Livius
348 808 357 843 ,
373 783 439 826 non
454 760 589 826 difficile
605 771 656 826 est
678 785 720 828 ex
740 765 880 828 oratoris
902 762 1036 830 consilio
1053 763 1306 850 explicationem
1321 787 1370 830 re-

223 873 350 951 petere:
378 885 458 928 sane
475 863 571 927 Livio
587 865 621 928 in
636 865 698 930 hac
713 888 749 930 re
764 865 869 950 magis
887 865 1129 932 confidendum.
1166 865 1251 931 Cum
1270 867 1373 952 igitur

223 973 382 1052 appareat
402 965 474 1030 XII
496 965 625 1035 tabulas
655 967 742 1053 apud
765 969 908 1033 Festum
929 990 994 1033 non
1017 967 1213 1053 significari,
1240 977 1310 1033 tum
1331 992 1372 1034 ne

225 1067 368 1154 Bergkii
382 1068 514 1154 quidem
530 1069 737 1153 ingeniosum
759 1069 930 1136 inventum
947 1077 1053 1150 ‘terem
1076 1089 1190 1148 quoque
1204 1075 1372 1136 Praenesti·

224 1178 306 1234 mom'
334 1168 486 1256 (Ephem.
515 1169 614 1236 litter.
636 1171 713 1235 Hal.
740 1171 822 1236 1842
844 1195 876 1236 n.
902 1173 977 1258 105)
1003 1172 1178 1259 probatum
1203 1172 1372 1240 Rubinoni

227 1273 334 1357 (Diar.
352 1273 454 1358 antiq.
469 1271 556 1348 stud.
576 1273 658 1337 1844
672 1273 779 1359 pato
794 1275 842 1359 n.)
860 1273 995 1339 defendi
1010 1275 1076 1338 iam
1091 1274 1228 1360 poterit:
1246 1274 1305 1340 sed
1321 1295 1371 1340 ao-

225 1375 457 1462 quieseendum
472 1372 605 1439 videtur
620 1375 654 1438 in
670 1373 812 1462 simplici
827 1375 951 1461 Eggeri
967 1376 1194 1441 emendatione
1210 1382 1279 1454 1169.
1295 1398 1372 1458 quo-

224 1498 281 1556 que
292 1483 503 1557 peractustmm’
521 1475 608 1561 (Vct.
627 1498 723 1540 serm.
739 1476 797 1540 lat.
813 1476 883 1541 rell.
901 1500 932 1563 p.
949 1479 1017 1563 37).
1047 1477 1090 1542 cf.
1106 1477 1271 1564 Oicerop.
1284 1477 1371 1544 Tull.

217 1579 594 1661 Δξ47111111161116119811ιί
608 1583 682 1644 mitti
695 1583 732 1643 dc
748 1583 817 1642 XII
830 1585 939 1648 tabulis
953 1586 1142 1680 recitari-t
1159 1586 1292 1659 etteeem
1308 1600 1371 1643 crt-

224 1688 345 1760 tiquam
353 1687 390 1746 de
404 1667 517 1760 teribus
531 1692 636 1746 socrat
635 1688 683 1745 ts?

308 1783 380 1848 Iam
394 1784 483 1870 quod
498 1783 685 1849 Dirksenus
701 1784 788 1851 VIII
802 1783 823 1849 5
838 1787 949 1871 posuit
964 1789 1171 1867 11111ρὶ1111-
1186 1791 1309 1852 surctto'
1325 1786 1372 1852 ita

216 1885 321 1980 vulgo
339 1884 540 1972 suppletum:
559 1891 706 1966 rupitias
725 1895 778 1979 qut
792 1892 891 1966 faxit,
912 1895 1039 1952 sarcito’
1064 1887 1122 1974 (ci
1143 1887 1317 1955 Dacierius
1341 1897 1374 1953 et

223 1990 263 2054 0.
278 1987 455 2053 Muellerus
477 1989 520 2054 ad
542 1989 630 2053 Fest.
608 1997 684 2075 t.p
699 1989 1370 2107 2641111111.11111111111111110

225 2114 256 2177 p.
274 2092 351 2178 206)
374 2113 432 2155 eur
454 2090 733 2174 abiecerim‚t
675 2091 755 2157 data
735 2093 952 2158 aoccasione
973 2102 1089 2178 postea
1110 2091 1275 2158 indicabo.
1311 2092 1373 2158 Cui

224 2193 324 2258 alium
339 2192 447 2258 locum
462 2193 634 2259 coniunxit
648 2194 840 2260 Rudorffius
856 2195 925 2259 H.
916 2215 938 2258 1.
954 2218 980 2258 r.
996 2193 1014 2259 I
1028 2218 1060 2281 p.
1078 2195 1118 2258 98
1134 2217 1165 2257 n.
1183 2195 1234 2258 1
1224 2217 1259 2258 1n
1275 2193 1371 2259 Pauli

224 2296 370 2364 Sentent.
386 2318 450 2362 rec.
468 2295 636 2362 codicibus
653 2296 779 2382 aliquot
794 2292 952 2361 traditum
967 2298 985 2362 I
1002 2297 1056 2378 12,
1073 2297 1093 2360 2
1110 2305 1167 2360 ‘ert
1181 2300 1227 2360 bis
1242 2303 1294 2375 qut
1308 2317 1370 2360 om-

223 2406 323 2464 cillam
338 2406 474 2480 corrupit
487 2406 632 2478 alienum,
654 2406 747 2463 altem
767 2403 940 2476 reformare
959 2393 1109 2478 cocardus
1123 2406 1198 2477 est',
1222 2418 1370 2485 cumpro

224 2508 274 2565 ‘em
289 2507 347 2566 bis'
364 2502 523 2568 scriberet
539 2508 590 2566 ‘ex
606 2506 696 2565 XII’.
724 2502 771 2566 At
786 2523 858 2566 eam
872 2503 1085 2568 mutationem
1102 2503 1284 2567 sententiae
1299 2523 1373 2567 con-

224 2603 352 2672 dicione
367 2627 485 2691 parum
496 2604 661 2670 firmatam
676 2604 795 2694 merito
811 2603 955 2690 explosit
969 2603 1163 2670 Huschkius
1180 2601 1223 2666 ad
1234 2603 1328 2668 Paul.
1338 2599 1373 2684 1.,

225 2707 281 2794 qui
296 2716 401 2773 totum
416 2709 623 2773 enuntiatum
639 2715 676 2772 ut
690 2706 870 2772 barbarum
882 2704 1026 2771 seclusit.
1048 2707 1159 2792 Atque
1170 2705 1281 2792 inepte
1293 2727 1371 2770 sane

225 2809 307 2875 haec
321 2810 406 2874 inter
420 2810 502 2875 duas
520 2809 561 2873 de
575 2808 670 2874 falsis
685 2809 867 2873 sententias
883 2808 1134 2894 interpolantur.
1199 2859 1201 2866 .
1394 2795 1398 2799 ’

311 2911 522 2977 Ciceronis
543 2912 655 2977 verbis
677 2910 718 2974 de
738 2909 802 2994 leg.
819 2909 855 2974 ΙΙ
869 2910 926 2992 24,
948 2911 990 2974 60
1011 2915 1182 2989 ‘Creteque
1203 2915 1285 2989 qaod
1306 2919 1373 2972 erat

222 3021 409 3094 factitatum,
426 3028 458 3079 ut
472 3021 631 3094 criptura
642 3019 752 3090 fierent
765 3018 891 3090 tectique
902 3019 1007 3090 ptores
1021 3023 1231 3088 sternerentur,
1248 3016 1282 3078 at
1295 3031 1372 3092 qao-

224 3139 281 3198 que
301 3139 339 3182 me
356 3125 444 3193 steret
463 3124 528 3196 leae
547 3127 681 3180 sanctum
698 3122 772 3188 est'‚
789 3136 863 3178 cum
878 3113 1042 3200 peculiare
1064 3113 1148 3198 legis
1162 3121 1375 3200 praeceptum

224 3219 384 3289 contineri
399 3220 568 3301 videatur,
585 3223 733 3296 ‘fenera’
750 3214 805 3282 vel
820 3220 973 3293 ‘feretra'
990 3237 1053 3302 quo
1076 3213 1239 3280 sententia
1259 3225 1374 3296 staret,

226 3334 302 3389 ante
319 3332 328 3361 1
333 3329 456 3400 ttcremt’
480 3322 694 3388 inserendum
715 3317 987 3386 fuiteditoribus.
1019 3317 1085 3383 Sed
1100 3317 1200 3382 istam
1215 3317 1375 3383 rationem

226 3436 277 3492 sat
292 3424 450 3512 gravibus
471 3425 674 3509 argumentis
697 3421 905 3509 impugnavit
921 3420 1166 3488 Schoemannus
1183 3417 1305 3506 Opusc.
1322 3418 1376 3484 III

225 3530 287 3594 386
303 3552 351 3615 sq.
382 3511 467 3591 Nam
483 3537 520 3592 ut
536 3527 687 3593 ‘funera'
705 3531 872 3593 'sumamus
893 3533 982 3588 reete
1003 3522 1095 3600 addi:
1119 3525 1243 3588 ‘credo'
1266 3530 1376 3586 tamen

226 3654 298 3696 eum
313 3633 375 3696 soli
392 3628 607 3698 secundariae
619 3628 799 3694 sententiae
812 3627 987 3694 conveniat
1000 3631 1093 3706 ‘quod
1103 3630 1276 3702 factitatum
1287 3631 1375 3701 crct',

227 3743 258 3798 et
272 3755 405 3820 prorsus
427 3733 568 3799 otiosum
589 3741 640 3796 est
654 3731 696 3778 ὲ
710 3753 787 3794 nam
809 3739 903 3818 patet
922 3728 1070 3816 profecto
1095 3749 1162 3794 non
1183 3727 1290 3793 vetari
1309 3727 1376 3790 nisi

228 3858 311 3923 quae
336 3837 495 3901 factitata
515 3844 612 3900 antea
637 3835 704 3898 sint
724 3872 766 3883 --
787 3843 820 3899 et
840 3841 972 3918 praeter
992 3839 1196 3904 constantem
1217 3851 1313 3894 usum
1337 3850 1378 3894 ea

226 3957 308 4024 quae
335 3946 515 4024 sequuntur
541 3946 733 4023 praeparat,
762 3957 837 4000 eum
863 3931 967 4000 soleat
992 3935 1037 3999 ad
1063 3933 1175 4021 priora
1200 3932 1375 4018 respicere.

227 4039 400 4106 Gravioris
417 4039 571 4126 ponderis
588 4047 639 4104 est
652 4039 737 4104 mira
753 4038 988 4104 sententiarum
1003 4034 1226 4130 perturbatio,
1243 4055 1316 4098 cum
1330 4033 1378 4099 in·

227 4151 275 4208 ter
300 4164 439 4208 coronas
468 4151 501 4207 et
526 4163 658 4225 aurum,
690 4142 712 4204 i.
741 4125 769 4206 e.
796 4147 989 4206 ornamenta
1012 4148 1140 4205 mortuo
1167 4129 1332 4202 addita''
1307 4159 1379 4202 stne

226 4267 343 4310 caussa
357 4245 440 4332 haec
455 4245 496 4311 de
508 4243 660 4332 pluribus
677 4244 851 4310 funeribus
868 4241 942 4308 leet'
920 4251 1027 4328 traque
1038 4243 1246 4327 interponant
1246 4261 1297 4305 ur.
1312 4239 1379 4306 Ita-

227 4369 290 4434 que
308 4348 420 4413 totus
411 4371 447 4414 in
463 4347 681 4413 Schoemanni
702 4357 814 4432 partes
836 4345 977 4430 pedibus
994 4365 1048 4426 eo,
1070 4343 1126 4430 qui
1147 4341 1356 4422 ‘credoque’
1347 4364 1382 4407 1n
