3282 4970
282 279 324 345 92
697 295 809 343 esrvr
833 296 1010 356 Qvaervu.

284 459 370 517 dieit'
385 452 468 517 bene
482 450 626 517 illustrat
646 451 753 538 ipsum
775 450 896 534 agendi
917 449 1064 533 modum;
1087 450 1251 535 signifieat
1271 449 1356 514 enim
1373 449 1426 515 ‘in

283 579 321 619 ea
337 556 404 621 vim
419 564 594 637 monstrat,
611 554 820 620 manifestam
839 552 966 618 reddit’
989 552 1093 639 (uic-⁹
1113 553 1136 618 i.
1152 575 1180 618 e.
1196 551 1307 636 δεικ-);
1329 575 1426 638 quem

281 657 438 742 loquendi
457 679 554 720 usum
574 680 614 721 ne
635 657 669 722 in
691 655 883 721 vindicandi
904 655 1036 740 quidem
1052 655 1153 720 verbo
1169 677 1304 741 prorsus
1326 656 1425 722 inter·

282 770 446 826 mortuum
469 781 541 824 esse
562 756 663 823 Gellii
687 757 866 844 descriptio
881 756 991 848 ‘fidem
1016 757 1099 822 feeit
1124 779 1141 821 e
1162 766 1271 822 vetere
1293 765 1426 823 auctore

282 862 400 925 hausta
420 859 490 924 XX
514 860 569 941 10,
591 861 610 924 7
636 862 726 922 ‘Nam
754 864 924 939 aequare
950 863 1133 938 disceptatur
1160 866 1191 924 ia
1211 865 1277 924 iare
1305 865 1351 936 (ia
1376 868 1425 938 re)

279 969 446 1043 praesenti,
462 967 523 1026 siae
537 983 611 1040 ανον
625 968 686 1026 sive
700 966 774 1040 qaia
787 967 875 1026 atiud
887 973 944 1040 est,
960 981 1027 1026 eam
1042 965 1219 1026 adversaria
1233 969 1320 1026 simui
1334 981 1427 1026 mana

277 1069 430 1145 prendere
444 1073 473 1127 et
493 1073 504 1128 i
509 1085 529 1126 a
544 1084 585 1128 ea
606 1086 647 1128 re
667 1067 855 1128 sollemnibus
869 1067 964 1128 aeriis
978 1067 1148 1135 vindicare,
1165 1068 1254 1128 idest
1268 1068 1426 1130 aiadieia!

282 1173 302 1250 ξ
318 1168 338 1231 9
354 1173 394 1230 ‘et
408 1171 444 1230 ia
459 1187 500 1230 ea
514 1171 624 1245 aleia
641 1175 791 1244 tamquam
811 1174 848 1229 ia
870 1175 945 1229 teto
959 1185 1050 1243 aare
1065 1170 1277 1232 vindicarent?
1301 1165 1427 1231 Addita

282 1279 393 1334 autem
409 1276 453 1334 ‘in
468 1275 555 1344 iare’,
571 1291 654 1354 quae
669 1268 778 1334 neseio
794 1289 851 1332 cur
866 1266 1225 1333 inclusitMommsenus
1233 1267 1319 1332 Mus.
1334 1267 1426 1332 rhen.

282 1371 360 1459 phil,
378 1370 444 1435 XV
464 1392 495 1455 p.
511 1369 591 1452 464,
615 1392 679 1435 non
701 1370 806 1453 magis
827 1369 869 1434 ab
890 1369 921 1434 h.
938 1368 960 1433 l.
982 1370 1098 1435 abesse
1113 1391 1174 1456 par
1195 1381 1246 1437 est
1265 1391 1362 1456 quam
1383 1370 1427 1435 ab

283 1473 385 1538 altero
403 1472 442 1538 de
458 1471 611 1537 vindieiis
627 1480 802 1558 praecepto
825 1479 869 1535 ‘si
884 1472 963 1554 [aaa]
980 1479 1012 1536 ia
1027 1478 1093 1536 iare
1114 1492 1235 1536 matiam
1249 1479 1425 1537 euaserunt'

282 1574 334 1639 VI
347 1575 379 1640 5.
401 1576 445 1640 ef.
458 1572 586 1640 Gellius
601 1573 622 1637 l.
631 1595 658 1637 e.
671 1574 691 1638 8
708 1577 874 1652 ‘Correptio
889 1593 995 1637 manas
1009 1581 1041 1639 ia
1056 1597 1090 1640 re
1104 1585 1194 1654 atque
1208 1581 1239 1638 ia
1254 1581 1317 1640 loce
1329 1593 1427 1654 prae-

281 1685 358 1742 senti
372 1681 457 1756 apati
468 1689 637 1756 praetorem
652 1696 692 1738 ea
706 1679 776 1738 XII
789 1679 896 1740 tabulis
906 1680 1020 1752 fiebat!
1122 1709 1125 1712 ·

368 1779 520 1865 Denique
540 1777 640 1842 etiam
661 1781 812 1841 ‘secante’
836 1777 952 1861 (1116)
976 1778 1019 1842 ad
1040 1779 1177 1843 eandem
1198 1799 1427 1862 normamque

283 1885 429 1946 ‘vindicii’
456 1902 522 1945 nen
548 1880 618 1943 sine
645 1880 753 1964 speeie
773 1878 965 1943 Husehkius
992 1880 1162 1945 revocavit
1189 1879 1229 1944 de
1254 1880 1324 1944 iure
1348 1879 1427 1944 nexi
1524 1917 1526 1921 ·

283 2005 315 2070 p.
331 1983 417 2048 8811.
436 1983 496 2046 119
512 1987 662 2046 ‘seruate'
679 1977 713 2044 in
728 1981 800 2065 lege
817 1981 975 2068 seriptum
990 1990 1093 2047 ratus.
1117 1981 1160 2046 cf.
1176 1981 1264 2047 idem
1279 1980 1320 2046 de
1335 1981 1426 2066 tigna

281 2085 393 2151 iuncte
407 2107 441 2171 p.
458 2084 498 2148 19
512 2107 543 2148 n.
560 2084 611 2149 33.

367 2187 439 2251 Iam
453 2209 533 2252 vere
549 2185 637 2271 qued
653 2190 819 2252 ‘verberit'
836 2193 869 2250 et
889 2191 1043 2251 ‘vindieit’
1060 2185 1285 2253 coniunctivae
1307 2186 1428 2250 iniuria

282 2288 443 2375 explicari
458 2287 617 2354 vidimus:
638 2288 838 2352 confidenter
853 2287 1006 2352 addimus
1022 2288 1181 2354 omnino
1197 2288 1427 2355 coniuncti·

282 2413 373 2457 vum
394 2392 518 2456 etiam
538 2413 558 2454 a
578 2389 934 2456 condicionalibus
957 2379 1350 2456 enuntiatis‘harum
1371 2388 1426 2455 le-

282 2511 371 2579 gum
393 2515 560 2580 prorsus
587 2491 760 2557 alienum
781 2492 921 2578 esse¹);
942 2492 998 2578 qui
1019 2492 1126 2560 sicubi
1145 2493 1180 2558 in
1201 2495 1308 2579 legem
1327 2492 1426 2558 infer·

283 2607 352 2678 tur,
380 2605 438 2660 aut
466 2615 557 2660 error
584 2594 697 2659 subest
721 2603 778 2659 aut
805 2595 997 2660 correctoris
1022 2594 1164 2660 lieentia.
1202 2596 1314 2682 Atque
1339 2594 1427 2680 apud

282 2699 418 2762 Festum
438 2720 469 2782 p.
492 2697 555 2762 376
572 2695 656 2781 (XII
670 2695 705 2783 4)
720 2718 762 2759 ne
781 2695 929 2762 codicum
945 2689 1076 2782 quidem
1091 2697 1156 2763 fide
1171 2697 1288 2762 nititur
1302 2702 1346 2762 ‘si
1358 2704 1429 2762 eelit

282 2807 325 2864 is'
348 2797 434 2885 quod
463 2819 536 2861 cum
557 2796 630 2862 aliis
650 2797 842 2862 Husehkius
863 2799 999 2863 retinuit
1019 2799 1086 2864 Iur.
1107 2809 1173 2865 ant.
1194 2822 1226 2887 p.
1241 2800 1283 2865 26
1302 2799 1428 2864 frustra

283 2909 409 2965 tutatus
431 2899 495 2965 Gai
515 2898 586 2966 loeo
607 2897 658 2970 Iti
675 2899 736 2964 163
757 2923 813 2963 „-.;
835 2900 893 2965 sed
909 2900 987 2966 libri
1001 2900 1056 2966 vel
1071 2907 1152 2966 ‘siae
1170 2907 1247 2968 iitis'
1264 2909 1428 2968 testantur

283 3000 337 3068 vel
365 3001 563 3068 coniunctim
590 3007 763 3067 ‘siaelitis’:
790 3011 826 3066 ut
853 3001 935 3067 illud
962 3024 1094 3068 servare
1120 3025 1200 3069 sane
1227 3004 1427 3069 tutissimum

283 3105 337 3171 sit.
369 3104 576 3192 Quamquam
596 3104 805 3170 vehementer
831 3104 955 3170 arridet
975 3105 1063 3191 qued
1085 3105 1123 3170 Ο.
1145 3105 1330 3194 ΜιιθΗθνιιεΙ
1349 3104 1427 3172 inde

282 3207 392 3274 effecit
412 3215 514 3274 ‘stlitis
530 3213 573 3284 (et
586 3212 815 3289 vindiciarum)’
831 3244 871 3256 —
887 3216 1036 3292 praestat
1051 3212 1154 3274 ‘sititis
1168 3213 1427 3289 (vindiciarum)’:

284 3309 326 3374 ef.
346 3309 460 3376 Cicero
484 3311 518 3372 in
543 3310 637 3374 Veri.
660 3309 735 3374 III
759 3311 818 3391 45,
842 3310 903 3373 115
927 3331 955 3373 e.
982 3311 1136 3376 Asconio.
1166 3310 1318 3376 Kellerus
1338 3331 1427 3398 pree.

183 3453 194 3464 κ
283 3409 371 3476 eivil.
394 3435 426 3498 p.
442 3412 485 3475 29
505 3435 538 3475 n.
555 3411 615 3476 108
641 3449 675 3458 -
699 3415 719 3478 5.
737 3460 771 3476 ..
793 3415 921 3476 arbitros
942 3421 1001 3476 tres
1022 3417 1126 3478 data':
1148 3435 1206 3478 nee
1222 3423 1333 3480 tamen
1353 3433 1426 3499 pro=

281 3510 454 3579 habilitate
469 3513 558 3579 omni
574 3512 896 3578 destituiturOuiaeii
911 3521 1128 3580 commentum
1144 3513 1335 3582 assavit
1353 3523 1428 3580 ‘rei

281 3624 343 3682 siae
358 3621 429 3682 litis’
446 3617 644 3701 reponentis.
668 3616 711 3681 ef.
727 3615 828 3682 Varro
842 3615 866 3700 l.
881 3616 903 3683 1.
918 3616 989 3681 VII
1003 3618 1044 3683 93
1059 3623 1102 3682 ‘ia
1118 3623 1283 3683 actionibus
1296 3622 1428 3684 videmus

282 3723 344 3784 diei
357 3722 472 3798 “qaam
486 3739 550 3782 rem
564 3727 625 3784 siae
639 3725 680 3784 mi
693 3726 772 3785 litem
787 3725 887 3784 dicere
901 3725 1048 3800 opertet.”
1073 3719 1142 3786 Oie.
1158 3743 1190 3808 p.
1204 3720 1289 3785 Mur.
1309 3720 1360 3804 12,
1373 3721 1425 3788 27.

367 3820 414 3886 At
443 3822 547 3906 magis
577 3821 612 3884 in
640 3842 773 3886 eensum
801 3823 894 3888 venit
926 3822 967 3886 fr.
997 3822 1084 3888 VIII
1111 3822 1154 3887 22
1184 3827 1259 3900 ‘Qui
1286 3844 1318 3887 se
1345 3828 1429 3887 sterit

282 3930 422 3988 testarier
440 3927 618 4004 libripeasee
643 3927 754 4004 suerit,
786 3932 819 3990 ai
846 3931 1040 3989 testimoniam
1066 3929 1258 4007 lariatar,
1286 3929 1428 4005 inprobas

282 4029 513 4103 intestabilisque
526 4034 607 4090 esta’
624 4026 665 4090 In
679 4025 781 4092 verbo
790 4027 1063 4104 ‘seriatar',cuius
1076 4028 1165 4094 notio
1178 4027 1354 4113 perspicua
1365 4036 1426 4108 est,

282 4126 387 4192 ferma
402 4126 558 4210 obseura,
575 4129 852 4216 mirumquantum
871 4130 1039 4216 expatiata
1061 4137 1111 4194 est
1131 4129 1277 4216 priorum
1299 4129 1427 4194 eritieo-

350 4350 371 4418 ¹)
391 4353 427 4404 et.
448 4353 533 4404 etism
552 4353 584 4406 0.
603 4352 752 4406 Muellerus
770 4352 871 4420 Seript.
891 4354 956 4408 min.
975 4354 1065 4405 1379.
