3282 4992
313 267 360 315 DE
382 267 576 316 VETERIBVS
600 267 651 314 XIl
674 266 886 315 TABVLARVM
909 267 1196 317 INTERPRETIBVS.
1290 255 1330 322 2⁵1
1421 232 1424 238 Ι

96 489 99 496 ,
188 445 251 511 que
266 422 436 510 proprium
451 422 509 504 sit,
537 422 594 488 ubi
616 420 715 509 plena
740 421 882 486 nominis
899 382 1097 506 significatio
1114 421 1330 508 desideratur,

187 549 227 590 ea
247 524 288 590 de
309 547 345 590 re
365 523 544 600 admodum
564 524 702 588 fluctuat
722 523 909 589 criticorum
931 521 1100 589 iudicium.
1135 527 1252 614 Itaque
1275 529 1331 614 qui
1382 544 1388 549 ·
1440 561 1444 570 ·

185 628 355 694 Aeliorum
370 627 557 713 fragmenta
572 627 787 711 collegerunt,
804 625 940 693 Stilonis
955 649 1021 692 van
1035 625 1219 713 Heus-dius,
1243 629 1331 695 Galli

185 729 440 812 Heimbaehius‚
460 731 633 816 utriusque
654 719 950 815 Eggerus'(Latini
975 751 1070 794 serm.
1091 738 1212 796 vetust.
1233 730 1330 819 rell),

186 832 264 898 Sex.
280 831 427 898 Aelii'et
453 831 543 898 Galli
569 833 756 898 Dirksenus
785 833 835 916 (in
855 831 939 898 libro
962 831 1205 899 ‘Bruchsttieke
1219 856 1249 898 a.
1268 832 1332 900 den

186 934 352 1001 Schriften
364 935 423 1000 der
433 935 699 1018 romluristen')
711 944 744 1000 et
758 933 949 999 Huschkius
964 933 1163 1021 (Iurisprud.
1177 936 1330 1002 anteiust.

66 1073 70 1079 ·
185 1059 269 1125 quae
285 1029 486 1124 supersunt),
510 1059 569 1124 pro
585 1037 721 1104 arbitrio
738 1034 893 1124 pleraque
905 1036 1150 1124 disposuerunt.
1173 1037 1241 1103 Nec
1254 1061 1332 1104 vem
1362 1106 1364 1112 ,

187 1139 327 1205 multum
342 1140 507 1206 lucramur
522 1161 589 1210 van
602 1138 744 1204 Heusdii
759 1137 894 1230 consilio
911 1139 966 1225 qui
978 1138 1021 1203 ad
1032 1137 1210 1204 L.Aelium
1223 1142 1333 1206 omnia
1417 1180 1422 1188 ·

188 1243 253 1306 nisi
279 1264 362 1328 quae
388 1243 432 1306 ad
457 1243 507 1306 ius
535 1240 632 1308 civile
661 1241 849 1329 pertineant
876 1239 1065 1306 revocanda
1094 1264 1166 1309 esse
1195 1243 1329 1308 statuit:

188 1345 338 1431 quamvis
359 1345 422 1410 hoo
442 1346 513 1431 ipse
529 1345 642 1409 statim
657 1343 815 1410 concedat
831 1365 933 1431 saepe.
944 1365 1061 1429 parum
1076 1344 1219 1410 discerni
1233 1367 1333 1432 posse

185 1447 242 1535 (de
256 1448 295 1512 L.
311 1445 407 1513 Aelio
425 1446 496 1512 Stil.
515 1446 651 1534 disquis,
667 1469 700 1533 p.
716 1445 782 1527 62).
811 1445 913 1539 Plura
934 1445 1020 1510 enim
1036 1454 1069 1510 st
1083 1446 1198 1513 Aelius
1215 1447 1338 1514 Gallus·

184 1549 368 1636 disputavit
384 1571 467 1637 quae
481 1549 615 1637 propria
628 1548 710 1613 iuris
725 1547 832 1615 civilis
846 1570 912 1614 non
928 1557 1004 1613 sunt
1017 1585 1060 1598 —
1076 1548 1119 1613 of.
1131 1571 1183 1637 ap.
1197 1551 1333 1615 Festum

183 1677 219 1717 v.
234 1661 379 1734 torrens,
401 1661 568 1737 petrarum
582 1673 718 1736 genera,
744 1649 844 1716 saltus
853 1699 862 1732 ,
884 1647 1007 1714 alia—
1022 1658 1055 1716 et
1070 1650 1184 1716 Aelius
1201 1651 1283 1719 Stilo
1298 1641 1351 1716 in'

184 1753 268 1838 legis
281 1752 511 1841 explanatione
527 1755 684 1819 tractavit
698 1776 740 1819 ex
755 1753 879 1818 intimis
894 1753 976 1818 iuris
992 1753 1098 1818 civilis
1111 1752 1333 1841 penetralibus

183 1856 316 1925 hausta.
355 1857 406 1922 Ao
433 1865 544 1922 tamen
570 1855 750 1943 simplicior
769 1856 851 1921 haec
872 1852 990 1921 caussa
1010 1865 1062 1920 est
1082 1879 1179 1943 quam
1202 1857 1334 1924 videtur

188 1981 272 2024 esse.
302 1958 389 2023 Nam
408 1959 551 2046 primum
566 1958 720 2025 continuo
736 1958 851 2046 procul
864 1957 1034 2023 habendus
1051 1967 1101 2024 est
1115 1958 1192 2024 Sex.
1208 1958 1333 2041 Aelius,

168 2147 173 2154 ,.
187 2061 282 2127 cuius
304 2069 336 2126 et
355 2071 485 2149 tempus
508 2061 725 2152 etsoribendi·
741 2061 925 2144 consilium,
942 2059 1037 2148 quale
1052 2060 1156 2127 fuisse
1170 2060 1266 2125 modo
1282 2071 1334 2126 c'o·

186 2164 374 2250 gnevimus,
391 2163 596 2251 aliquantum
612 2164 715 2230 distat
730 2163 773 2229 ab
787 2165 926 2229 istorum
941 2163 1198 2248 fragmentorum
1214 2164 1333 2250 quibus
1395 2250 1398 2256 .

185 2266 228 2332 de
250 2257 381 2352 linguae
401 2267 529 2332 ratione
551 2265 741 2354 plerumque
761 2267 871 2351 agitur
886 2273 1088 2350 argumento.
1119 2265 1261 2332 Omnino
1276 2267 1333 2332 tri·
1404 2300 1408 2308 ·

184 2369 383 2456 partitorum
396 2357 578 2456 posteriore
594 2377 703 2435 aetate
718 2369 856 2454 exiguus
872 2391 951 2434 usus
966 2368 1070 2434 fuisse
1086 2367 1232 2436 videtur:
1256 2392 1334 2456 quo-

184 2493 259 2536 rum
284 2471 461 2556 vestigium
486 2482 616 2559 praeter
641 2471 841 2558 paucissima
866 2470 924 2535 illa
949 2493 1032 2557 quae
1059 2493 1158 2560 supra
1184 2473 1336 2557 congessi

184 2575 311 2639 frustra
330 2574 487 2661 requiris:
519 2597 632 2661 neque
645 2596 756 2641 eorum
778 2571 879 2637 ullam
899 2575 1060 2639 rationem
1080 2574 1196 2641 Cicero
1217 2573 1334 2640 habuit

184 2699 261 2742 eum
276 2677 434 2763 expositis
450 2701 470 2742 a
484 2678 544 2742 On.
560 2676 676 2742 Flavio
691 2678 832 2762 primum
847 2677 1029 2743 actionibus
1044 2676 1151 2742 nullos
1167 2675 1269 2740 fuisse
1285 2675 1332 2740 di-

104 2826 113 2844 .
184 2789 249 2860 eat,
266 2779 334 2864 ‘qui
345 2779 403 2844 illa
413 2779 587 2846 artificiose
601 2780 729 2865 digesta
741 2769 921 2864 generatim
934 2785 1176 2865 componerent’
1189 2779 1245 2865 (de
1258 2777 1334 2844 orl
1355 2788 1358 2802 “
1429 2840 1431 2844 .

186 2881 241 2962 41,
256 2879 342 2966 186).
353 2880 534 2947 'Fallunter
545 2873 649 2967 igitur
660 2883 717 2968 qui
735 2881 811 2946 Sex.
826 2880 957 2946 Aelium
968 2904 989 2950 a
999 2881 1149 2947 Varrone
1167 2881 1263 2946 citari
1275 2901 1333 2968 pu·

186 2989 260 3047 tant
273 2981 313 3046 de
325 2981 347 3049 l.
359 2983 438 3048 LVI
450 2986 697 3066 l‘Iatempestam
709 2991 809 3050 Aelius
821 2987 939 3049 dicebat
948 3004 1034 3063 quom
1045 2995 1158 3068 tempus
1170 2987 1283 3064 agendi
1291 2993 1335 3047 cst

184 3091 326 3148 nullum’:
339 3085 428 3171 quod
441 3083 601 3152 Dirkseni
616 3097 833 3152 commentum
849 3085 885 3170 (l.
900 3085 922 3150 l.
938 3109 969 3172 p.
985 3086 1042 3171 44)
1063 3087 1219 3172 probavit
1233 3087 1333 3150 Kem-

185 3187 272 3274 plius
290 3184 358 3271 (ad.
375 3186 451 3252 Val.
467 3186 557 3253 Max.
574 3189 625 3254 IV
636 3189 665 3269 3,
682 3190 700 3252 7
709 3213 715 3252 :
734 3188 791 3253 nbi
807 3210 915 3253 errore
927 3187 978 3251 VI
989 3189 1009 3252 3
1022 3189 1206 3279 exaratur),
1223 3187 1257 3250 in
1268 3211 1333 3251 me-

189 3289 243 3354 dio
256 3288 467 3380 'reliquerunt
487 3289 681 3356 Huschkius
697 3290 719 3354 l.
735 3291 757 3367 l.
774 3313 806 3377 p.
824 3292 840 3354 1
857 3314 889 3355 n.
911 3299 944 3354 et
964 3288 1154 3354 Rudorffius
1175 3289 1193 3355 I
1208 3312 1241 3377 p.
1256 3289 1330 3354 234.

185 3391 302 3478 Neque
318 3391 405 3457 enim
418 3431 460 3446 ν-
473 3403 511 3458 ut
527 3393 567 3457 de
582 3415 618 3457 re
634 3402 762 3458 taceam
777 3431 820 3444 -—
834 3394 861 3458 is
883 3391 974 3458 locus
996 3392 1161 3478 segregari
1183 3400 1293 3480 potest
1314 3414 1334 3455 a

80 3567 89 3578 ¹
186 3503 314 3580 septem
334 3494 469 3581 reliquis
491 3495 610 3582 quibus
633 3496 738 3560 Varro
760 3496 794 3558 in
815 3495 867 3560 his
893 3493 990 3563 libris
1009 3495 1054 3562 L..
1072 3494 1160 3560 Aelii
1182 3493 1333 3579 magistri

185 3591 309 3682 placita
322 3596 357 3660 in
373 3595 544 3661 consilium
560 3598 706 3664 vocavit:
729 3597 789 3663 ubi
809 3598 865 3684 qui
886 3597 1089 3682 significetur
1111 3597 1247 3662 dubium
1267 3596 1333 3660 n'on
1412 3644 1416 3651 .

186 3706 247 3761 est.
278 3696 364 3761 Nam
385 3699 473 3785 quod
494 3699 655 3787 quaedam
676 3722 717 3764 ex
738 3699 786 3764 eis
801 3700 897 3764 Aelio
914 3698 1012 3765 Gallo
1028 3708 1061 3765 et
1076 3698 1133 3764 alii
1147 3698 1334 3765 tribuerunt

186 3919 270 3970 quam
292 3903 368 3956 dieat
391 3906 516 3965 crebram
539 3907 612 3973 apud
630 3885 743 3958 Festum
766 3906 934 3958 mentionem
958 3921 1019 3959 esse
1038 3905 1161 3959 Orellius
1187 3907 1216 3956 in
1235 3904 1331 3956 Onom.
1391 3973 1395 3980 ι

185 3989 261 4045 Tull.
280 4007 302 4046 s.
322 4006 347 4058 r.
367 4007 423 4044 non
440 3993 529 4058 magis
548 3991 675 4058 equidem
694 4007 826 4058 assequor
845 4007 926 4058 quam
945 4008 996 4056 quo
1020 3995 1079 4043 iure
1097 3991 1259 4042 Huschkius
1276 3991 1333 4040 Iur.

186 4080 243 4127 ant.
266 4093 292 4142 p.
312 4078 344 4130 73
363 4092 388 4128 n.
418 4076 448 4130 C.
472 4077 546 4130 Aelii
569 4078 710 4128 cuiusdam
735 4079 841 4130 referat
865 4081 959 4132 extare
984 4079 1056 4146 apud
1081 4075 1196 4128 eundem
1217 4077 1333 4126 Festum

186 4159 294 4226 aliquot
312 4177 345 4212 ex
363 4163 489 4216 oratione
508 4165 675 4230 fragmenta.
711 4163 741 4217 O.
759 4162 874 4214 Laelii
892 4163 1001 4229 quidem
1023 4168 1115 4215 oratio
1136 4178 1186 4228 pro
1210 4177 1241 4212 se
1260 4161 1336 4227 apud

185 4244 318 4310 populum
336 4251 447 4298 notatur
464 4251 560 4314 p.3193
579 4253 608 4306 et
624 4252 681 4301 314·
693 4251 743 4315 Μ.,
764 4247 835 4314 quod
852 4264 952 4300 nomen
970 4251 1056 4300 etiam
1073 4265 1100 4316 p.
1121 4249 1170 4298 182
1188 4250 1264 4297 recte
1283 4261 1332 4312 pro
1398 4272 1400 4276 ν

186 4328 276 4382 Caelii
295 4333 404 4383 nomine
423 4334 566 4392 substituit
583 4335 699 4385 Lionins
716 4337 744 4384 in
763 4333 854 4386 indice
873 4333 1058 4403 Muellerianp
1078 4352 1103 4401 p.
1122 4334 1180 4386 441.
1214 4372 1217 4378 .
1264 4365 1268 4372 -
