3282 4970
365 301 412 357 uu
435 301 488 349 xu
510 302 724 353 usuvuuuvu
746 306 924 368 uumcvus
947 308 1235 364 cousurrvuuurs.
1312 301 1371 364 101

226 471 296 527 esto.
321 467 352 524 m
367 466 413 525 tus
428 463 535 523 deuito.
560 463 594 522 m·
607 462 770 524 iudicatum
782 464 863 538 fucit
879 509 884 522 .
903 509 911 525 .
928 512 935 526 .
953 485 1053 529 secum
1068 469 1176 531 ducito.
1199 473 1306 532 vincito
1321 481 1374 534 out

227 583 317 628 neruo
332 573 385 628 out
398 565 595 642 compedibus.
618 566 788 640 quindecim
800 569 901 643 pondo
915 585 953 629 me
967 571 1080 631 maiore
1101 581 1154 632 out
1172 575 1201 633 se'
1220 577 1294 634 uolet
1313 579 1372 636 me·—

227 687 299 731 oore
313 671 428 730 vincito.
451 670 479 728 se'
491 670 567 728 uolet
579 683 633 726 suo
646 669 752 752 vivito„
764 671 798 729 ni
809 685 863 731 suo
877 673 965 731 uiuit.
980 716 987 730 .
1003 672 1096 734 libras
1107 673 1209 747 serris
1220 676 1297 736 eudo
1309 678 1372 738 dies

226 774 306 836 delo.
329 774 357 832 sr'
369 772 444 831 colet
450 773 524 846 plus
539 769 633 831 outo!
649 764 691 831 al.

309 869 399 935 Hinc
419 877 529 933 autem
550 867 676 934 fructus
698 867 824 957 aliquid
844 870 1031 938 redundare
1046 874 1179 939 videtur
1200 873 1243 938 ad
1262 873 1371 940 locum

226 970 440 1038 multifariam
453 965 611 1036 'vexatum
623 970 640 1035 I
653 970 736 1035 7-9
752 971 862 1057 (Rhet.
879 973 922 1038 ud
936 973 1081 1039 Herenn.
1098 974 1134 1040 ΙΙ
1151 976 1202 1058 13,
1218 975 1269 1041 20.
1294 975 1370 1042 Gel-

225 1075 289 1142 lius
304 1072 408 1140 XVII
422 1072 452 1155 2,
470 1072 524 1159 10)
548 1079 594 1136 ‘nr'
600 1083 734 1155 popum,
757 1079 788 1138 im
808 1081 924 1140 comitio
938 1087 992 1140 eut
1005 1082 1037 1140 iu
1049 1081 1121 1154 soro
1136 1091 1204 1141 uate
1218 1083 1371 1144 meridiem

224 1197 349 1244 causum
373 1181 523 1240 coniciunt
539 1195 608 1270 eum
632 1186 779 1254 perorem
797 1181 883 1241 umbo
904 1189 1086 1266 praesentes.
1124 1183 1195 1244 Post
1217 1185 1371 1246 meridiem

223 1285 379 1362 praesenti
391 1283 469 1342 litem
484 1281 625 1341 addicito.
648 1280 699 1342 Sol
712 1298 772 1343 oce.
788 1299 874 1358 supr.
891 1278 977 1360 temp.
993 1288 1076 1346 esta'
1201 1273 1204 1278 ’

311 1383 494 1446 ‘coniciunt’
511 1379 719 1463 (³eom'u'umt’)
736 1381 1042 1449 constanter'Gellii
1063 1383 1154 1450 libri:
1178 1390 1320 1450 ‘carietto’
1343 1409 1368 1450 s.

225 1487 371 1549 ‘conicito’
389 1481 559 1569 (moninio)
575 1483 674 1548 Auct.
692 1483 736 1549 ad
752 1489 894 1550 Herenn.
931 1488 978 1551 At
997 1484 1121 1550 nullum
1143 1509 1186 1550 ex
1200 1486 1370 1552 codicibus

225 1585 408 1654 subsidium
427 1586 528 1654 habet
548 1589 710 1652 ‘conscita'
732 1586 820 1674 quod
839 1589 874 1652 in
889 1586 1014 1653 Aldina
1028 1583 1129 1654 Gellii
1153 1589 1295 1674 primum
1314 1588 1369 1654 ob-

224 1690 315 1757 vium
331 1712 405 1755 cum
419 1690 566 1776 priorum
581 1689 771 1756 criticorum
783 1690 1007 1778 compluribus
1020 1689 1213 1782 Huschkius
1231 1691 1371 1779 arripuit

221 1795 258 1860 in
286 1794 314 1860 Ι.
341 1793 384 1858 G.
411 1792 580 1857 Huschkii
605 1791 725 1859 Annul.
753 1793 816 1858 litt.
842 1816 874 1879 p.
902 1793 973 1859 106.
1010 1792 1099 1876 Quin
1125 1795 1207 1858 miro
1232 1792 1369 1860 consilio

224 1906 397 1983 utrumque
412 1894 553 1981 probare
567 1894 700 1960 videtur
713 1893 959 1960 Lachmannus:
982 1916 1059 1960 nam
1074 1895 1170 1961 aliter
1184 1897 1289 1982 accipi
1300 1897 1369 1978 ¹viu

224 2007 379 2086 poterunt
398 2017 482 2085 quae
503 1998 545 2062 ad
561 1997 694 2063 Lucret.
709 1998 840 2064 notavit
854 2021 886 2085 p.
902 1998 966 2063 349
985 1996 1105 2062 ‘iudex
1120 1998 1206 2062 enim
1227 1999 1369 2064 conscit

105 2131 108 2135 ·
223 2101 255 2167 h.
278 2124 305 2166 e.
326 2099 516 2186 cognoscit
541 2121 710 2183 caussam,
732 2121 898 2164 cumeum
919 2108 1029 2188 partes
1049 2099 1262 2166 coniciunt:
1290 2121 1368 2186 qua·

223 2210 356 2290 propter
382 2225 424 2267 ex
449 2200 520 2266 XII
542 2201 663 2269 tabulis
690 2213 723 2268 et
751 2206 919 2268 “cuussom
944 2208 1104 2268 couscito''
1136 2211 1170 2267 et
1197 2202 1368 2268 usitatiore
1442 2197 1445 2205 ’

223 2291 383 2373 vocabulo
400 2309 585 2370 “conicito’'
601 2303 741 2370 relatum
760 2303 918 2390 legimus,
939 2305 1016 2391 qui'a
1035 2313 1211 2391 utrumque
1234 2303 1368 2369 coniun-

223 2420 311 2475 ctum
327 2412 401 2473 est?
424 2404 548 2472 Verum
561 2415 736 2493 utrumque
751 2408 779 2471 si
795 2407 874 2494 quid
889 2405 986 2480 video
1003 2404 1216 2472 reiiciendum
1231 2414 1296 2471 est:
1319 2405 1367 2470 id-

222 2533 285 2598 que
305 2508 448 2576 maxime
468 2507 611 2574 efficitur
629 2508 780 2594 neglecto
806 2508 914 2574 adhuc
933 2509 1066 2575 Afranii
1087 2508 1289 2590 testimonio,
1311 2509 1368 2596 qui

199 2614 307 2680 -hanc
321 2611 428 2697 legem
442 2611 589 2697 respexit
602 2611 637 2674 in
652 2610 839 2676 Materteris
856 2636 888 2676 v.
904 2610 967 2675 216
983 2611 1022 2676 R.
1041 2620 1205 2676 ‘causum
1219 2616 1368 2675 coicere

153 2731 158 2736 ’
221 2721 309 2781 hodie
328 2719 372 2778 od
390 2726 417 2778 te
435 2720 508 2778 colo.
529 2750 572 2760 -
592 2717 726 2776 Ambou
747 2713 913 2778 adestis?
936 2750 972 2761 —
998 2716 1193 2789 Profuturos
1213 2716 1366 2804 arbitror?

221 2818 310 2884 Hinc
324 2816 425 2903 igitur
440 2824 530 2880 certo
550 2812 770 2900 intellegimus
794 2816 835 2881 de
861 2837 1031 2880 caussae
1052 2814 1312 2881 coniectione
1333 2813 1368 2878 in

221 2920 294 3006 lege
309 2939 491 2984 sermonem
503 2938 595 2999 esse,
617 2939 656 2983 ao
675 2917 819 2982 iudicem
840 2939 929 3000 esse,
950 2917 1000 2982 ad
1022 2939 1119 3004 quem
1140 2937 1258 2982 caussa
1278 2916 1366 2981 ooni-

222 3024 342 3106 ciatur3
365 3021 421 3108 qui
442 3020 601 3102 coniciet,
623 3018 831 3105 litigatorem.
870 3018 912 3084 cf.
929 3017 1056 3085 Gellius
1071 3017 1104 3083 V
1122 3018 1178 3100 10,
1194 3018 1214 3082 9
1236 3027 1367 3083 ‘etcum

222 3130 265 3190 ud
288 3130 402 3190 iudices
426 3126 630 3188 cooiieteudue
659 3121 878 3204 [consistendue
899 3119 1165 3205 (conscientiaeque
1185 3118 1366 3184 Lachman-

221 3228 315 3315 nus)]
331 3247 440 3292 cuusue
452 3231 556 3305 pretio
570 3229 729 3289 venissent.
738 3229 760 3286 .'
783 3223 862 3310 Dig.
874 3223 927 3305 50,
942 3221 1023 3304 17‚1
1039 3224 1110 3285 ‘Per
1124 3227 1261 3299 reputem
1276 3227 1367 3298 upum

221 3328 1367 3403 meotsrerumnomamtractareturarescamus,questeousuecoruecuo

221 3443 272 3512 est,
290 3481 297 3495 .
316 3481 322 3495 .
339 3480 346 3494 .
361 3450 440 3511 poue
453 3435 542 3494 simol
554 3449 622 3494 eum
636 3435 668 3492 ia
683 3434 783 3507 utiquo
797 3432 900 3492 ortium
915 3439 971 3505 est,
989 3430 1092 3507 perdit
1105 3429 1238 3502 officium
1258 3431 1365 3488 soom?

222 3533 386 3601 Asconius
401 3555 531 3620 person.
548 3530 675 3597 aemio.
687 3531 781 3596 Verr.
797 3529 814 3594 I
830 3530 859 3612 9,
874 3529 916 3594 26
931 3553 963 3617 p.
978 3529 1039 3594 164
1050 3528 1108 3593 Or.
1131 3528 1235 3593 Gaius
1248 3525 1298 3592 IV
1316 3526 1365 3591 15.

220 3638 336 3724 Itaque
358 3634 491 3701 diversa
512 3633 693 3701 confundat
714 3633 743 3698 si
764 3635 836 3719 quis
857 3655 932 3697 oum
947 3631 1118 3698 Dirkseno
1140 3629 1279 3715 aliisque
1300 3651 1366 3694 sor·

222 3761 304 3805 vans
321 3744 467 3804 ‘conicito'
484 3737 527 3802 ad
538 3737 767 3822 magistratum
777 3736 818 3801 de
830 3757 894 3822 quo
907 3734 1055 3820 sequitur
1064 3737 1219 3797 ‘uddieito’
1232 3730 1364 3796 referat.

222 3840 277 3906 Ad
292 3839 457 3926 litigantes
474 3849 583 3905 autem
598 3860 673 3904 oum
687 3839 752 3902 iam
767 3835 990 3903 revocandum
1007 3835 1067 3918 sit,
1079 3835 1135 3922 qui
1151 3833 1283 3920 quidem
1299 3832 1364 3899 duo

222 3940 344 4007 diserte
369 3941 610 4027 significantur,
637 3939 814 4026 singularis
835 3937 969 4004 tolerari
990 3936 1114 4024 nequit.
1151 3936 1261 4018 Quare
1281 3958 1365 4000 unus

221 4042 370 4129 Scaliger
395 4044 438 4108 ad
463 4045 553 4109 Fest.
580 4067 612 4108 v.
637 4041 768 4129 plorare
793 4062 907 4106 verum
933 4047 1102 4104 assecutus
1129 4049 1179 4104 est
1204 4061 1247 4103 ex
1266 4036 1366 4103 Gellii
1432 4106 1435 4112 ,

222 4153 393 4211 ‘competunt'
421 4145 568 4211 efficiens
590 4150 796 4208 ‘coniciunto's
821 4143 885 4208 nisi
909 4140 998 4230 quod
1017 4144 1185 4206 ‘coiciuuto’
1207 4139 1313 4226 magis
1333 4153 1366 4206 et

221 4247 353 4314 Afranii
373 4247 445 4314 loco
466 4256 498 4312 et
525 4246 721 4335 optimorum
741 4244 837 4309 Rhet.
859 4244 901 4309 ad
921 4245 1002 4310 Her.
1022 4243 1179 4309 librorum
1200 4242 1364 4330 scriptura
1476 4265 1480 4276 ¹

222 4357 352 4444 ‘rotoilo’
368 4349 623 4418 commendatur.
643 4348 697 4414 De
712 4369 776 4436 qua
792 4346 958 4414 scribendi
972 4346 1099 4412 ratione
1120 4345 1163 4413 cf.
1180 4344 1362 4414 Oorssenus
