3282 4992
313 319 356 384 24
464 322 467 332 '
731 329 844 377 esrvr
866 327 1041 376 enrnuvu.

318 500 448 568 rentur,
476 488 553 554 ideo'
576 485 689 552 statim
715 484 817 550 aetati
836 481 924 547 Aelii
947 480 1166 547 adscribenda
1186 491 1306 576 espen-t.
1336 481 1462 548 Verum

315 592 468 680 cupidius
490 590 553 656 hoc
573 585 755 674 praeripuit
776 583 986 666 Huschkius‚
1013 607 1086 650 cum
1107 583 1185 649 inde
1206 584 1340 671 probari
1363 584 1463 651 vellet

315 677 507 762 hoellibros
537 701 603 757 tres
634 689 766 754 eosdem
787 709 860 752 esse
881 682 914 751 S.
935 685 1025 751 Aelii
1047 688 1355 754 commentarios
1379 711 1464 776 quos

315 799 353 864 P.
376 796 515 862 Crassus
538 793 619 858 citet
642 791 730 878 apud
752 791 943 857 Ciceronem
956 787 978 853 l.
995 788 1016 852 1.
1048 789 1142 871 Quae
1162 813 1214 855 res
1234 791 1333 854 etiam
1355 791 1384 855 si
1398 790 1463 856 lar-

315 901 444 985 giamur
465 897 507 961 de
528 895 635 960 tribus
657 891 964 958 commentariorum
984 890 1079 956 libris
1094 893 1239 994 cogitare
1254 915 1350 979 posse
1366 894 1462 960 Pom·

316 1002 466 1088 ponium,
494 995 709 1064 fundamento
729 995 817 1060 omni
838 993 1029 1059 destituitur
1050 994 1137 1080 quod
1152 1017 1195 1059 ex
1210 995 1358 1061 eiusdem
1373 998 1463 1062 testi-

316 1102 426 1169 monio
442 1101 483 1166 de
498 1098 563 1165 fide
578 1097 710 1165 illorum
724 1095 883 1164 librorum
902 1096 993 1162 haud
1013 1097 1190 1180 constat¹):
1220 1119 1293 1162 cum
1314 1098 1354 1163 de
1376 1121 1463 1164 com-

317 1203 487 1270 mentariis
503 1224 581 1268 sane
596 1199 685 1288 apud
700 1199 891 1266 Ciceronem
907 1198 1058 1264 dubitare
1073 1221 1137 1264 non
1151 1197 1260 1266 liceat.
1289 1200 1377 1282 Quin
1392 1223 1463 1288 per·

318 1329 416 1394 quam
431 1314 507 1392 apte
522 1303 662 1390 simplex
677 1311 710 1368 et
724 1324 894 1370 commune
910 1303 1216 1368 commentariorum
1230 1323 1349 1368 nomen
1364 1304 1464 1368 etiem

317 1408 490 1496 tripertitis
512 1406 681 1474 convenit:
709 1405 799 1492 quod
820 1404 1018 1470 adiectivum
1039 1427 1059 1468 a
1078 1405 1258 1491 Pomponio
1274 1405 1361 1470 nude
1376 1407 1463 1493 posi·
1522 1409 1525 1414 '

318 1495 387 1576 tum
409 1519 467 1576 aut
486 1508 585 1576 fallor
604 1517 661 1573 aut
682 1530 702 1572 a
723 1529 801 1573 vero
822 1528 888 1572 non
903 1505 1057 1572 abhorret
1072 1507 1114 1572 ab
1130 1507 1202 1592 ipso
1218 1505 1314 1572 Aelio
1330 1517 1464 1596 auctum

318 1614 421 1678 fuisse
438 1612 646 1678 substantivo
662 1615 886 1674 ‘commentario
901 1614 1076 1688 tripartite&

401 1713 686 1800 Interpretetionis
698 1722 818 1796 autem,
832 1734 913 1798 quae
923 1711 987 1776 fuit
996 1733 1072 1798 pars
1087 1711 1332 1798 imperitorum,
1345 1734 1465 1798 parum

318 1802 495 1882 dilucidam
516 1815 692 1901 imaginem
711 1816 815 1878 ferme
837 1813 1027 1879 adumbrari
1052 1813 1161 1880 video.
1197 1811 1352 1898 Vulgaris
1377 1815 1466 1880 enim

386 2090 408 2156 ¹)
422 2091 532 2143 Certum
546 2094 605 2142 eius
617 2093 658 2141 rei
671 2105 797 2143 caussam
810 2087 1022 2156 significandam
1034 2091 1153 2141 obtrusit
1165 2092 1315 2158 Pomponio
1328 2091 1468 2142 Huschkii

318 2192 429 2229 manus:
449 2178 496 2241 qui
514 2178 687 2227 enuntiatum
712 2175 783 2240 qnod
807 2173 932 2239 sequitur
957 2179 1052 2239 aperte
1076 2179 1232 2239 corruptum
1256 2177 1330 2228 ‘Hos
1353 2183 1467 2228 sectatus

317 2265 354 2314 nd
370 2263 469 2328 aliquid
485 2271 524 2313 eet
543 2263 613 2313 Cato.
649 2263 749 2312 Deinde
768 2261 807 2310 M.
829 2259 927 2312 Ccto'.
943 2295 970 2309 ..
989 2252 1126 2326 prioribus
1145 2261 1235 2311 iunxit
1253 2265 1306 2311 ita:
1327 2268 1407 2328 ‘quos
1425 2270 1466 2312 tc-

318 2365 372 2398 men
391 2350 491 2413 quidcem
510 2353 603 2411 nepnnt
622 2349 733 2397 eiusdem
751 2362 818 2404 esse,
838 2347 895 2394 sed
912 2346 958 2395 bos
977 2349 1097 2396 sectati
1119 2348 1154 2396 ad
1176 2347 1274 2411 aliquid
1291 2347 1365 2396 Aeli
1383 2347 1465 2397 Caii.

319 2433 419 2482 Deinde
437 2433 476 2482 M.
497 2431 570 2482 Cato!
586 2470 591 2481 .
607 2470 612 2480 .
628 2451 649 2488 .‚·
667 2448 693 2498 p.
708 2432 756 2481 183
777 2446 817 2495 sq.
837 2445 873 2480 ne
889 2430 943 2480 hee
960 2430 1071 2495 quidem
1090 2432 1119 2480 in
1138 2446 1166 2482 re
1185 2432 1312 2496 privatus
1331 2413 1468 2482 Rudorfiii

319 2532 444 2568 assensu.
469 2516 506 2565 At
523 2532 614 2580 neque
631 2520 744 2582 propter
763 2517 878 2566 formam
897 2517 1029 2566 ‘eircedem’
1048 2531 1103 2579 qua
1122 2516 1310 2568 tantummodo
1331 2517 1469 2583 excipitur

319 2604 396 2669 prius
414 2603 545 2652 ‘eiusdem’
564 2602 605 2651 ite
623 2603 747 2667 grassari
766 2601 848 2664 lieet,
868 2605 896 2651 et
914 2616 1001 2652 novus
1018 2601 1067 2651 ille
1088 2603 1212 2666 quisquis
1231 2601 1286 2652 fuit
1303 2602 1399 2653 Aelius
1413 2601 1468 2652 Ca·

320 2694 364 2737 tus
382 2685 478 2738 debuit
497 2687 596 2736 saltem
615 2685 718 2736 diserte
738 2686 833 2736 ‘alius'
851 2687 1015 2753 praedicari.
1051 2687 1170 2738 Accedit
1189 2688 1261 2751 quod
1280 2686 1344 2738 Cati
1364 2703 1467 2753 cogno-

319 2788 382 2822 men
400 2772 568 2837 Pomponius
588 2773 671 2820 antea
689 2786 724 2820 ne
743 2773 828 2822 verbo
848 2772 958 2835 quidem
977 2771 1085 2837 attigit:
1108 2772 1212 2822 inferre
1231 2771 1340 2836 quidem
1358 2773 1468 2823 Huscb·

320 2857 382 2907 kius
402 2870 486 2907 ausus
505 2861 560 2918 est,
581 2855 782 2907 sxFlorentini
800 2857 858 2908 eod.
878 2858 1015 2922 scripture.
1034 2857 1108 2908 ‘Sem
1129 2859 1237 2908 Coelius'
1258 2857 1374 2909 eliciens
1390 2857 1467 2912 ‘Sere

322 2943 416 2992 uatus
434 2941 534 2991 Aetiue’
555 2941 595 3008 (p.
617 2941 688 3002 178),
701 2957 813 3008 prorsus
836 2942 964 2994 inaudite
988 2941 1173 3006 collocatione
1193 2947 1276 3008 etque
1296 2959 1367 3008 quae
1386 2942 1469 2995 dissi-

320 3027 444 3078 millimis
473 3025 578 3077 Balbus
605 3025 746 3088 Lucilius,
774 3026 869 3076 Labeo
897 3027 1034 3077 Antistius
1062 3032 1114 3079 etc.
1149 3029 1260 3078 minime
1290 3027 1468 3090 defendatur.

322 3111 439 3162 Omnino
458 3111 562 3162 frustra
580 3112 728 3177 quidquam
748 3111 856 3162 siliciae
875 3129 909 3162 ex
931 3114 986 3162 isto
1004 3114 1073 3164 vitio
1091 3113 1201 3180 vulgari
1218 3115 1248 3164 in
1266 3113 1392 3165 codicum
1411 3107 1469 3164 me-

273 3201 275 3205 '
320 3198 407 3248 morie
431 3197 478 3260 (ef.
502 3197 714 3247 Keemmererus
738 3198 818 3248 Obss.
842 3199 894 3250 iur.
920 3197 972 3248 civ.
996 3214 1021 3262 p.
1042 3198 1056 3246 I
1079 3198 1112 3249 de
1135 3198 1194 3250 vita
1219 3199 1246 3252 S.
1267 3198 1385 3251 Caecilii
1407 3199 1469 3250 iCti

321 3301 347 3349 p.
367 3285 408 3334 32.
428 3285 469 3333 45.
490 3283 523 3333 48
541 3298 567 3331 n.
588 3282 646 3347 26)ε
664 3287 696 3333 ut
715 3283 798 3332 simili
816 3280 895 3333 modo
913 3283 977 3348 Dig.
998 3286 1038 3345 33,
1059 3286 1083 3343 9,
1103 3287 1119 3335 3
1137 3285 1152 3344 ἕ
1171 3287 1186 3334 9
1206 3283 1268 3338 Sex.
1290 3284 1469 3335 Caecilius

323 3367 469 3418 exhibetur
492 3383 541 3432 pro
565 3366 628 3417 Sex.
647 3367 760 3432 Aelio,
787 3367 864 3431 quod
880 3381 977 3418 nomen
1002 3384 1036 3418 ex
1055 3368 1151 3420 ¹Gellio
1170 3370 1202 3420 N.
1221 3370 1254 3424 Δ.
1273 3369 1311 3421 lV
1331 3372 1358 3433 1,
1378 3372 1412 3420 20
1433 3369 1469 3420 de

324 3451 422 3507 eedem
445 3442 480 3502 ref
493 3451 621 3502 tredente
641 3452 841 3502 restituendum
860 3456 915 3503 est:
940 3453 988 3502 ubi
1006 3455 1086 3518 gravi
1110 3470 1201 3505 errore
1219 3455 1242 3508 I·.
1261 3455 1291 3508 F.
1313 3455 1470 3510 Gronovius

323 3535 443 3586 Gellium
463 3553 497 3588 ex
515 3538 640 3602 Digestis
660 3537 927 3602 corrigeremini,
948 3538 1060 3589 scilicet
1071 3539 1197 3591 Servium
1217 3539 1368 3606 Sulpicium
1392 3544 1469 3592 ratus

323 3621 466 3696 Ciceronis
490 3621 634 3685 aequalem
654 3622 715 3676 Sex.
736 3622 855 3673 Caecilii
873 3623 991 3688 celebris
1015 3625 1159 3675 Hadriano
1182 3629 1317 3691 regnante
1335 3624 1397 3676 ICti
1419 3623 1468 3690 (cf.

322 3697 431 3757 Cellius
450 3705 502 3757 XX
521 3705 546 3770 1)
566 3706 674 3773 placita
691 3707 796 3758 referre
815 3709 949 3774 potuisse.
967 3709 1058 3760 —Ac
1082 3710 1199 3760 latuisse
1218 3710 1334 3762 'videtur
1351 3711 1468 3775 Pompo-

322 3793 398 3842 nium
413 3776 493 3865 illius
513 3793 683 3857 cognominis
705 3793 792 3845 ratio:
816 3795 864 3858 qni
887 3795 1049 3858 ceteroquin
1073 3810 1104 3845 eo
1128 3810 1182 3845 non
1201 3798 1290 3846 minus
1309 3811 1375 3846 usus
1395 3801 1471 3846 esset

322 3881 407 3942 atque
425 3877 440 3938 ἓ
458 3879 490 3929 37
510 3875 666 3943 Sempronii
684 3882 765 3944 ‘quem
781 3882 891 3944 populus
908 3879 1035 3930 Romanus
1054 3875 1150 3942 (opor
1169 3883 1316 3944 appellante
1337 3887 1386 3931 aut
1403 3882 1418 3942 §
1436 3883 1470 3932 38

322 3962 404 4014 Atilii
423 3962 471 4027 qui
489 3964 596 4027 ‘primus
614 3979 631 4012 a
645 3967 742 4028 popule
761 3963 872 4029 Sapiens
891 3967 1035 4029 appellatus
1054 3970 1112 4015 eet’
1131 3991 1165 4002 -
1183 3966 1242 4017 Iam
1267 3981 1299 4016 eo
1317 3966 1378 4017 loco
1396 3965 1470 4016 unde

323 4047 441 4113 proiecti
460 4061 567 4112 snmus,
587 4047 672 4100 ‘Ceto’
691 4050 782 4116 priore
801 4050 863 4100 loco
882 4048 1029 4100 delendum
1048 4055 1090 4100 est
1108 4050 1228 4102 fortasse
1247 4066 1282 4102 ex
1299 4051 1380 4102 titulo
1397 4065 1471 4101 mer·

323 4134 383 4199 gini
402 4132 542 4199 adscripto
561 4133 719 4184 oriundum:
743 4139 774 4184 ut
792 4149 861 4185 sana
884 4133 1018 4200 procedat
1035 4139 1189 4187 sententie:
1209 4137 1279 4187 ‘Hos
1300 4144 1412 4188 sectatus
1435 4140 1473 4188 ad

323 4220 420 4285 aliquid
435 4226 476 4270 'est
493 4221 585 4271 dende
596 4220 636 4274 M.
652 4221 727 4284 Cato,
745 4222 868 4286 princepe
885 4221 1003 4272 Porciae·
1013 4221 1138 4284 familiae,
1158 4223 1228 4272 cuins
1245 4230 1271 4272 et
1288 4223 1347 4273 libri
1364 4227 1471 4278 extant:

323 4305 371 4354 sed
384 4306 495 4368 plnres
513 4305 551 4358 M.
567 4307 617 4370 ficii
633 4307 699 4366 eius,
724 4322 760 4356 en
781 4305 869 4372 quibua
887 4308 968 4357 ceteri
984 4308 1120 4359 oriantur!
1156 4308 1201 4358 lte
1220 4309 1293 4359 enim
1310 4311 1389 4359 recte
1408 4324 1466 4359 cor·

305 4389 379 4456 rigi
398 4390 431 4442 ab
450 4389 594 4444 Huschkio
613 4409 639 4460 p.
654 4393 702 4444 185
721 4395 788 4460 puto
806 4393 972 4460 scripturam
989 4391 1122 4444 librorum
1140 4395 1198 4444 ‘ced
1212 4397 1315 4458 plurimi
1329 4396 1378 4458 filii
1395 4396 1469 4446 eius)
