3282 4992
259 270 262 278 .
372 238 421 284 DE
444 238 496 284 Xll
520 233 736 284 TABVLARVM'
755 235 933 296 abutaurus
956 238 1202 288 COLLIGENDIS.
1315 225 1358 289 45

211 391 319 477 quoad
343 390 412 455 eius
434 391 506 455 ficri
525 398 638 477 posset
665 400 798 456 coactus
825 389 1020 476 prohibendi
1040 393 1214 457 notionem
1240 415 1261 456 a
1286 392 1357 478 lege

210 493 351 565 alienam
366 514 483 578 parum
505 487 668 558 constanti
693 493 890 578 cogitatione
909 493 1116 578 interposuit.
1145 493 1227 558 Eam
1249 506 1358 561 tamen

209 596 376 660 notionem
392 594 479 681 quod
494 596 547 661 vel
562 595 639 659 inde
655 593 839 662 necessario
856 595 978 681 requiri
994 595 1105 659 statuit
1120 596 1356 681 Vangerowius
1443 589 1447 596 ’

209 721 242 784 p.
258 697 294 760 21
305 743 314 778 ,
336 697 414 782 quia
433 695 611 763 voluntatis
633 699 777 784 suspecti
783 745 793 779 ‚
815 697 914 762 cuius
928 697 1026 761 unius
1046 698 1155 781 gratia
1174 699 1237 764 hoc
1260 721 1356 785 quae-

208 797 304 863 rendi
318 820 420 883 genus
432 798 632 866 'institutum‘
641 800 699 878 sit,
722 797 884 865 rationem
899 798 1013 864 haberi
1033 799 1208 885 perfuerit
1226 839 1262 850 -·
1279 800 1357 865 ridi-

210 900 282 966 cule
297 901 384 966 enim
399 909 432 965 et
447 901 590 967 absurde
604 900 710 988 legem
721 924 761 968 ne
774 901 960 990 postulante
973 900 1107 986 quidam
1116 900 1172 966 illo
1187 902 1358 968 molestam

209 1003 312 1071 lancis
333 1003 717 1089 liciique.necessitatem
738 1002 909 1090 quaerenti
929 1003 1157 1088 imposituram
1178 1004 1283 1069 fuisse
1298 1027 1356 1068 -ε

209 1103 387 1180 videndum
409 1114 475 1186 est,
496 1127 539 1168 ne
559 1103 600 1169 de
620 1103 708 1170 illius
732 1107 849 1170 aetatis
870 1105 1036 1190 incompta
1057 1103 1267 1192 simplicitate
1289 1106 1357 1169 riti-

209 1207 336 1294 busque
361 1216 493 1272 vetusto
514 1229 577 1272 usu
598 1207 737 1272 sacratis
759 1229 801 1272 ex
821 1206 926 1272 nostri
947 1205 1069 1272 saeculi
1089 1207 1235 1273 moribus
1259 1217 1357 1294 atque

209 1307 436 1376 voluntatibus
452 1308 610 1395 iudicium
626 1309 797 1375 faciamus.
828 1307 983 1390 Accedit,
1006 1305 1096 1394 quod
1117 1308 1157 1373 de
1178 1310 1282 1395 ipsius
1308 1311 1357 1373 in-

210 1411 315 1476 stituti
329 1411 364 1477 vi
379 1433 418 1476 ac
432 1410 561 1477 ratione
576 1433 638 1476 nec
650 1413 734 1498 ‘ipsis
747 1410 915 1477 veteribus
926 1410 1007 1474 'satis
1021 1409 1192 1496 explorata
1202 1421 1236 1476 et
1247 1433 1356 1476 recen-

165 1509 167 1517 ’
205 1512 327 1579 tionum
343 1513 533 1579 commentis
548 1513 756 1600 ineptiisque,
769 1523 907 1600 quarum
922 1517 974 1578 sa't
989 1511 1134 1598 amplum
1144 1523 1363 1600 conspectum

210 1615 276 1700 egit
296 1615 533 1700 Vangerowius
555 1639 587 1701 p.
611 1616 633 1678 4
653 1636 740 1701 sqq,
762 1614 1044 1700 mirumquantum
1065 1623 1199 1679 versata
1222 1624 1254 1679 et
1274 1616 1355 1681 adeo

148 1767 150 1771 .
210 1717 387 1784 obscurata
401 1716 567 1782 diversam
583 1719 625 1782 ab
641 1715 727 1782 illius
751 1739 888 1804 eamque
909 1719 1005 1781 unice
1028 1737 1141 1781 veram
1162 1717 1357 1782 sententiam

123 1845 125 1853 ’
208 1839 313 1905 nuper
332 1815 508 1884 Eduardus
530 1817 753 1904 Boeokingius
774 1819 942 1904 professus
966 1829 1015 1885 est
1039 1817 1095 1903 (ef.
1112 1819 1181 1883 eius
1198 1819 1254 1884 lus
1270 1819 1355 1906 priv.

210 1917 303 1987 Rom.
320 1920 426 1986 Bonn.
445 1919 528 1984 1862
542 1943 574 2006 p.
593 1921 654 1985 150
668 1943 701 1984 n.
715 1920 781 2006 15),
797 1942 895 2006 quam
910 1920 952 1986 ab
968 1943 1006 1984 eo
1022 1929 1191 1986 mutuatus
1206 1920 1355 2008 pluribus

209 2021 387 2090 illustravit
401 2021 474 2086 Nic.
489 2021 703 2110 HandJ’eryus
716 2021 813 2088 Obss.
831 2023 872 2087 de
886 2021 983 2086 furtis
998 2044 1059 2108 pro
1075 2023 1270 2088 diversitate
1284 2046 1357 2110 pro·

209 2125 381 2191 bationum
400 2124 492 2188 varie
512 2125 645 2211 punitis.
668 2124 761 2212 Lips.
785 2125 865 2189 1851
887 2147 919 2209 p.
936 2123 976 2187 21
995 2147 1077 2211 sqq„
1098 2125 1197 2210 inque
1219 2126 1357 2190 eandem

185 2249 270 2294 sua
289 2235 404 2312 sponte
430 2224 547 2290 incidit
574 2227 672 2290 etiam
694 2226 773 2292 Otto
794 2225 930 2290 Iahnius
957 2227 992 2289 in
1018 2227 1290 2291 commentatione
1317 2227 1357 2290 de

209 2327 417 2415 Sophonibae
443 2338 546 2393 morte
571 2330 606 2392 in
631 2328 761 2414 pictura
785 2327 1122 2414 parietislillustrata.
1152 2329 1243 2414 Lips.
1273 2329 1355 2393 1859

208 2453 241 2516 p.
260 2432 313 2494 11:
332 2429 455 2494 scilieet
470 2450 597 2495 sacram
619 2451 690 2494 eam
710 2425 814 2494 fuisse
836 2429 1068 2496 caerimoniam
1089 2430 1270 2517 antiquitus
1292 2441 1357 2496 tra-

210 2532 329 2614 ditant,
346 2517 410 2618 qua
425 2533 454 2595 ei
469 2533 525 2618 qui
541 2542 728 2618 quaereret,
745 2533 1001 2618 quasiDeorum
1015 2532 1050 2595 in
1070 2533 1206 2597 tutelam
1224 2542 1356 2620 recepto

210 2632 255 2718 ad
268 2635 440 2699 veritatem
454 2635 677 2718 indagandam
692 2634 815 2698 intrare
829 2635 865 2697 in
880 2633 1020 2699 alienam
1036 2633 1169 2698 domum
1180 2633 1301 2699 liceret.
1317 2673 1355 2684 «-

209 2737 307 2800 Hunc
322 2746 431 2802 autem
441 2737 545 2802 ritum
560 2736 602 2802 ad
617 2735 742 2801 furtum
758 2735 1008 2823 concipiendum
1028 2738 1063 2800 in
1076 2737 1268 2802 universum
1284 2737 1355 2822 lege

209 2837 312 2904 fuisse
332 2839 572 2926 praescriptum
591 2861 652 2903 nec
670 2842 758 2902 intra
776 2839 935 2924 prohibiti
955 2839 1037 2903 furti
1057 2839 1138 2905 fines
1168 2849 1357 2905 contentum

210 2941 402 3010 confirmant
417 2943 473 3028 qui
487 2950 618 3027 praeter
634 2941 754 3006 Gaium
770 2942 839 3032 eius
856 2941 1053 3005 mentionem
1068 2941 1202 3009 faciunt.
1219 2941 1261 3007 ef.
1271 2942 1356 3006 Pau·

209 3041 261 3108 lus
276 3044 359 3110 Exe.
377 3067 419 3108 ex
433 3043 531 3110 Festo
553 3065 584 3129 p.
605 3044 663 3108 111
679 3043 715 3106 Μ
736 3049 842 3107 ‘leuce
861 3053 890 3106 et
907 3049 975 3107 11610
995 3047 1150 3108 dicebatur
1170 3050 1255 3124 upari
1274 3051 1357 3108 auti-

210 3165 296 3223 quos,
312 3153 384 3225 quia
404 3152 456 3224 qui
471 3150 590 3222 furtum
611 3151 674 3210 ibat
694 3156 839 3224 quaerere
860 3151 890 3208 iu
913 3150 998 3208 domo
1018 3151 1133 3222 olieua,
1155 3151 1223 3209 ticio
1243 3152 1357 3210 ciuetus

210 3253 356 3312 intrabut'
379 3271 406 3312 e.
423 3269 454 3334 q.
471 3271 514 3312 s..
538 3247 651 3314 'Gloss
674 3246 810 3311 Tauria.
831 3269 862 3310 n.
884 3247 948 3310 466
969 3247 1011 3311 ad
1033 3248 1115 3311 Inst.
1138 3248 1160 3310 4
1166 3295 1175 3329 ,
1200 3249 1216 3310 1
1240 3248 1302 3328 §.4
1322 3272 1355 3313 v.

211 3349 434 3435 quaesitam
455 3351 504 3436 (in
521 3349 681 3436 Savignyi
695 3347 783 3414 Hist.
806 3349 868 3413 1111.
884 3371 965 3414 rom.
986 3349 1073 3414 med.
1089 3371 1170 3414 aevo
1188 3349 1223 3414 ΙΙ
1243 3372 1276 3435 p.
1292 3349 1356 3413 475

211 3452 263 3516 ed.
279 3453 314 3540 2)
332 3457 394 3516 ‘lta
408 3460 486 3516 euim
498 3457 603 3533 siebat,
619 3463 653 3516 ut
666 3459 691 3516 is
706 3459 758 3530 qui
771 3459 801 3515 ia
817 3459 947 3518 aiieuuue
963 3457 1079 3529 domum
1094 3457 1233 3516 introibat
1247 3457 1290 3515 ad
1303 3474 1356 3516 re-

211 3560 389 3632 quirendam
403 3577 467 3620 rem
478 3559 635 3632 furtiuum,
652 3559 751 3618 aurius
766 3560 991 3632 iuarediebatur
1002 3559 1116 3624 discum
1126 3562 1217 3632 ltetiie
1229 3553 1356 3640 (111611-

210 3659 281 3744 lem)
298 3664 329 3720 iu
344 3665 443 3737 eapite
461 3668 589 3738 portatus
601 3664 736 3736 utrisque
750 3662 886 3722 manibus
902 3658 1095 3744 (1016010131)
1132 3657 1299 3744 Denique,
1314 3679 1355 3720 ne
1375 3715 1379 3727 .

279 3949 299 4016 ¹)
320 3952 377 4003 Nec
397 3951 479 4002 aliter
501 3967 545 4003 res
564 3951 698 4004 sehabet
719 3948 748 4002 in
767 3951 860 4002 Attico
883 3951 956 4015 iure,
980 3951 1028 4001 nbi
1051 3952 1166 4002 eundem
1189 3959 1267 4002 usum
1285 3950 1355 4001 obti-

211 4038 303 4087 nuisse
323 4053 357 4088 ex
375 4037 570 4103 Amatophunis
583 4039 707 4089 Nubibus
726 4037 857 4090 discimus
875 4053 901 4090 v.
913 4039 963 4088 491
977 4053 1036 4102 sqq.
1054 4055 1117 4088 eum
1135 4038 1220 4090 schol.
1240 4036 1284 4098 (de
1303 4051 1355 4102 quo

214 4123 248 4176 ci.
268 4123 493 4172 Wochsmuthius
512 4123 606 4188 Antiq.
626 4139 666 4188 gr.
684 4124 781 4176 scient.
800 4124 829 4173 II
846 4139 872 4188 p.
891 4121 942 4174 227
960 4139 985 4176 n.
1006 4125 1049 4190 15)
1075 4128 1156 4174 etex
1173 4122 1299 4172 Platonis
1317 4122 1356 4171 le·
1382 4124 1384 4128 '

211 4207 292 4270 gibus
310 4209 363 4258 ΧΠ
383 4225 408 4274 p.
428 4209 478 4258 954
496 4209 519 4258 A
543 4209 645 4272 φωρᾶν
667 4203 697 4257 δ’
714 4206 749 4258 ἂν
771 4204 852 4273 ἐθέλῃ
874 4206 917 4260 ric
934 4224 961 4260 τι
979 4211 1052 4272 παρ’
1070 4209 1196 4276 ὁτῳοῦν,
1214 4206 1320 4270 γυμνὸς
1338 4207 1355 4271 ἢ

212 4292 377 4357 χιτωνίεκον
390 4293 474 4365 ἔχων,
494 4293 626 4359 ἄζωστος,
645 4295 843 4359 προομόεαε
861 4295 943 4346 τοὺ(
961 4293 1130 4358 νομίμου(
1148 4291 1250 4343 θεοὺς
1269 4292 1287 4357 ἠ
1303 4292 1358 4357 μὴν
