3282 4970
789 329 927 378 TABVLA
950 330 973 378 1.

864 485 895 548 3.

396 601 427 648 sl
450 601 590 649 MORBVS
613 601 810 648 AEVITASVE
833 602 957 648 VITIVM
979 601 1095 666 usum,
1120 587 1195 668 [QVI
1219 601 1255 647 IN
1277 601 1331 649 IVS
1348 602 1457 649 VOCA-

310 686 384 768 BIT]
407 702 590 749 IVMENTVM
613 702 725 749 DATO:
752 703 783 750 SI
805 702 938 767 NOLET,
960 703 1127 749 ARcuRmu
1149 703 1195 748 NE
1218 702 1400 751 STERNITO.

394 922 551 971 ausiuvo
574 923 708 969 vuumx
730 922 905 971 susumus
922 923 1026 987 usu03
1049 923 1272 970 Puouammo
1296 924 1359 970 mu
1382 924 1456 972 orvi

309 1009 528 1084 ov1s'vouau
550 1024 684 1070 vmuux
707 1025 806 1073 usco

310 1182 513 1190 ----——

307 1304 354 1348 cat
377 1299 460 1364 fugit,
484 1302 515 1347 ut
539 1299 579 1348 ait
597 1297 654 1350 Sor.
679 1297 841 1362 Sulpicius)
877 1297 968 1348 Gloss.
987 1297 1076 1348 Labb.
1100 1297 1233 1362 ‘pedem
1258 1301 1361 1348 struit
1384 1299 1454 1362 φεύ-

306 1388 367 1446 γει.’
403 1383 507 1434 Nonius
525 1384 580 1449 p.6
599 1381 772 1432 ‘caluItur
790 1382 893 1432 dietum
913 1387 956 1432 est
968 1382 1116 1432 frustratur
1134 1409 1165 1418 —
1185 1382 1341 1446 Lucilius
1361 1383 1453 1448 satyr.

306 1469 354 1521 lib.
374 1468 470 1518 XVII:
489 1468 598 1516 sinon
621 1467 662 1528 it,
687 1468 819 1532 capito,
842 1466 970 1530 inquit,
990 1481 1073 1529 eum,
1093 1466 1171 1516 etsi
1190 1466 1354 1526 caluitur,
1374 1483 1454 1532 ergo

305 1554 370 1604 Fur
383 1544 566 1602 dominum⁵
581 1551 669 1615 (Eudo
681 1567 790 1601 manum
803 1551 887 1601 iucito
900 1551 997 1608 Densa,
1018 1551 1087 1600 endo
1105 1551 1177 1600 Fure
1195 1565 1305 1600 manum
1324 1552 1454 1617 llerplius

222 1644 225 1649 ⁴
305 1640 332 1687 iu
351 1640 420 1687 Anu.
438 1636 598 1687 Fleckeiseni
615 1639 650 1687 83
668 1653 695 1700 p.
714 1639 767 1686 632
786 1634 861 1698 not).

375 1725 400 1772 3.
421 1720 530 1772 Gellius
547 1722 580 1770 N.
594 1720 626 1772 A.
644 1720 695 1768 XX
715 1723 738 1785 1,
757 1722 790 1770 24
802 1735 842 1786 sq.
862 1719 927 1770 ‘Sed
945 1736 994 1770 cur
1011 1720 1063 1769 tibi
1083 1735 1142 1770 esse
1160 1720 1222 1768 uisa
1242 1726 1284 1769 est
1302 1720 1453 1772 inhumana

308 1805 353 1855 lex
372 1807 492 1856 omnium
510 1819 573 1855 mea
592 1804 701 1868 quidem
725 1806 864 1855 sententia
887 1805 1099 1866 humanissima,
1124 1819 1201 1867 quae
1220 1804 1368 1854 iumentum
1391 1804 1453 1854 dari

307 1887 385 1940 iubet
403 1905 486 1954 aegro
506 1894 554 1939 sut
572 1890 633 1940 seni
650 1889 678 1938 in
697 1890 740 1940 ius
758 1891 877 1941 uocato?
916 1887 1019 1956 [Verba
1037 1892 1100 1938 sunl
1117 1888 1188 1938 haec
1207 1888 1278 1954 legis
1297 1889 1337 1939 ‘si
1361 1890 1390 1938 in
1408 1889 1452 1940 ius

306 1972 432 2040 uocato’]
463 1974 555 2024 Verba
579 1979 642 2024 aunt
666 1973 736 2024 haee
756 1975 790 2025 de
808 1974 871 2040 lege
891 1975 935 2025 ‘si
955 1976 988 2022 in
1007 1975 1058 2022 ius
1076 1977 1193 2036 uocat,
1212 1973 1240 2023 si
1264 1974 1396 2024 morbus
1411 2013 1417 2026 .
1431 1978 1451 2024 .’

305 2060 342 2114 of,
361 2061 376 2120 ξ
396 2063 436 2109 11.
455 2061 496 2110 27.
516 2060 626 2111 28-29.
661 2060 768 2110 Nonius
786 2077 813 2126 p.
832 2061 865 2110 55
883 2057 997 2118 ‘Arcera
1015 2058 1168 2124 plaustrum
1188 2063 1231 2107 est
1253 2059 1387 2108 rusticum
1409 2064 1450 2110 te.-

306 2148 379 2194 ctum
398 2143 520 2208 undique
540 2145 620 2209 quasi
640 2160 707 2195 arca
720 2180 727 2194 .
741 2182 747 2194 .
761 2183 789 2200 ..
813 2145 865 2196 hoc
885 2149 976 2194 autem
995 2143 1117 2194 uehiculi
1136 2158 1237 2206 genere
1256 2157 1337 2194 senes
1357 2147 1384 2194 et
1403 2159 1450 2194 ae·

304 2231 375 2294 groti
399 2230 508 2279 uectari
530 2229 630 2282 solent.
665 2229 771 2279 Varro
797 2227 1075 2299 Gerontodidascaloz
1100 2226 1260 2278 Vehebutur
1281 2243 1342 2278 cum
1367 2244 1449 2302 uxore

301 2314 430 2364 uehiculo
454 2313 541 2364 semel
564 2318 612 2362 sut
634 2314 677 2364 bis
701 2330 788 2364 anno:
812 2330 884 2364 cum
908 2328 1073 2378 arceram,
1096 2312 1126 2362 si
1148 2327 1212 2361 non
1234 2312 1360 2376 uellet,
1384 2329 1449 2364 nou

303 2402 499 2448 sterneret)
534 2399 622 2448 Varro
640 2399 673 2450 de
692 2399 724 2452 L.
744 2400 776 2450 L.
796 2399 820 2448 V
839 2401 887 2449 140
906 2401 947 2447 ‘ut
965 2396 1028 2447 eills
1048 2400 1091 2448 est
1109 2411 1206 2447 arcera
1225 2411 1297 2460 quae
1316 2399 1401 2448 etiam
1420 2399 1449 2448 in

302 2483 357 2532 XII
369 2483 473 2534 tabulis
492 2484 666 2549 appellatur:
685 2483 757 2547 quod
771 2501 804 2534 ex
817 2483 920 2534 tabulis
933 2482 1090 2532 uehiculum
1104 2486 1165 2532 erat
1182 2485 1287 2533 factum
1301 2479 1448 2549 (tectuml)

301 2573 333 2618 ut
352 2585 431 2632 arca,
452 2584 548 2618 arcera
566 2569 693 2619 dictum.'
720 2568 827 2618 Placidi
842 2568 930 2620 Gloss.
943 2569 987 2618 III
1005 2585 1030 2633 p.
1043 2555 1094 2617 43‘4
1106 2569 1143 2620 M.
1163 2571 1191 2616 et
1205 2567 1293 2622 Gloss.
1306 2568 1370 2617 Pur.
1390 2567 1447 2632 (ep.

302 2652 338 2702 du
356 2654 491 2722 Congium
511 2654 602 2705 Gloss.
621 2654 692 2704 med.
711 2658 739 2704 et
759 2655 809 2703 inl.
828 2653 880 2703 lat.
898 2668 919 2707 s.
937 2651 974 2716 u.)
999 2652 1114 2702 ‘Arcera
1132 2651 1288 2702 uehiculum
1313 2652 1341 2700 in
1363 2667 1447 2704 arcae

301 2737 409 2788 modum
422 2735 580 2800 confictum,
600 2752 653 2788 non
665 2739 760 2803 utique
773 2739 939 2804 plaustrum,
958 2737 986 2787 id
1005 2742 1047 2788 est
1064 2740 1192 2787 carrum!
1217 2737 1307 2787 Gloss.
1321 2737 1446 2802 Amplon.

301 2838 328 2886 p.
347 2823 396 2872 274
415 2821 610 2873 n.1850ehl.
632 2825 746 2874 ‘Arcera
765 2823 918 2888 plaustrum
937 2821 1094 2872 uehiculum
1113 2823 1270 2887 lignorum’

368 2909 394 2962 4,
414 2906 520 2958 Gellius
533 2907 597 2958 XVI
611 2911 680 2972 10,5
697 2909 782 2959 ‘Num
797 2909 829 2970 Q.
847 2908 952 2979 Ennius
966 2907 1080 2957 uerbum
1092 2907 1145 2956 hoc
1158 2923 1192 2956 ex
1204 2906 1347 2958 duodecim
1364 2910 1446 2960 tabu-

301 2991 335 3042 lis
358 2993 461 3042 uestris
485 2993 609 3058 accepit,
632 2993 791 3057 inquibus,
815 2993 839 3042 si
862 2996 939 3042 recte
959 2992 1145 3056 commemini,
1168 2991 1208 3041 ita
1231 2994 1364 3057 scriptum
1389 2999 1446 3044 est:

301 3075 458 3128 ‘Adsiduo
477 3116 484 3130 .
503 3117 510 3146 „-
530 3081 547 3128 .’
583 3077 682 3128 Cicero
700 3078 767 3143 Top.
787 3079 816 3141 2,
837 3079 868 3128 10
889 3077 994 3138 ‘Quum
1019 3077 1064 3126 lex
1088 3077 1199 3127 assiduo
1220 3077 1358 3128 ulndicem
1378 3081 1447 3130 ussi-

306 3235 505 3242 --·---——-·—---

386 3338 414 3394 3.
438 3341 459 3395 sl
477 3339 562 3395 iuius
579 3329 764 3415 (uniusllep.)
782 3345 877 3400 uocat,
901 3337 924 3394 si
945 3354 981 3395 m.
999 3337 1105 3393 Gellius
1117 3337 1202 3409 prod.
1226 3336 1352 3396 Votieno
1367 3340 1444 3398 Anu.

299 3424 344 3478 rei
355 3439 451 3494 ppmu.
474 3426 571 3480 Auslr.
595 3427 673 3478 1860
688 3440 719 3494 p.
737 3429 755 3477 5
770 3439 813 3494 sq.
871 3423 972 3488 morib;
988 3423 1060 3495 Rep.
1083 3425 1134 3491 (id.
1156 3424 1236 3495 527)
1301 3428 1444 3485 aeuilasue

299 3508 396 3562 Peleu.
421 3506 523 3563 Christ.
542 3511 599 3564 597
623 3506 830 3581 Muplr'ubecclo.
854 3509 907 3565 ul:
934 3510 1024 3564 aeuita
1044 3525 1110 3564 suae
1138 3508 1217 3564 Voss.
1239 3511 1305 3563 mai.
1326 3517 1354 3566 el
1374 3514 1443 3568 min.

299 3594 372 3648 cuitu
388 3609 435 3647 sua
451 3593 523 3665 Rep.
583 3595 690 3648 uocasit
705 3587 843 3668 (uocassit)
861 3594 963 3650 Editor
978 3591 1044 3648 XII
1056 3595 1115 3650 tub.
1132 3609 1217 3649 enon.
1233 3593 1301 3651 Veri.
1317 3597 1443 3654 152511.

306 3678 398 3734 Verbo
415 3680 462 3750 qui
477 3707 519 3716 -
534 3677 644 3734 uocabit
658 3680 771 3735 seclusi.
835 3678 897 3734 elato
914 3679 956 3734 sin
972 3695 1020 3734 ore
1037 3686 1078 3734 ier
1093 3695 1186 3734 cenam
1208 3695 1241 3734 nc
1257 3678 1329 3752 Rep.
1396 3697 1442 3737 ne-

297 3765 351 3819 ster
366 3767 424 3820 nilo
440 3761 474 3834 (st
489 3778 528 3818 eu
542 3761 631 3834 corr.)
656 3762 733 3819 Voss.
750 3763 816 3818 min.
833 3791 872 3804 -
888 3762 916 3819 4.
940 3763 1062 3819 Adsiduo
1073 3762 1144 3836 Rep.
1165 3764 1242 3820 Voss.
1255 3767 1322 3826 mci.
1338 3772 1366 3820 el
1376 3769 1442 3822 min.

279 3849 336 3904 «Ad
358 3849 381 3902 si
407 3848 461 3904 duo
483 3847 638 3905 SGermou.
698 3849 825 3906 adsiduus
846 3847 930 3924 Rep.
946 3847 1025 3905 Voss.
1046 3853 1129 3906 mai:
1149 3867 1201 3905 ass.
1222 3850 1259 3904 ul.
1325 3858 1369 3907 est
1388 3850 1434 3923 (ᾡ

296 3934 367 4005 Rep.
426 3933 559 3990 oleatorio
582 3933 660 3990 Voss.
674 3937 739 3989 urai.
798 3935 849 3988 iam
863 3935 915 3989 ciui
929 3933 1001 4005 Rep.
1021 3933 1100 3991 Voss.
1111 3938 1192 3990 mai:
1208 3950 1259 3989 om.
1276 3939 1326 3992 cll.
1380 3937 1442 4010 quis

296 4019 373 4075 uolet
387 4021 504 4089 scripsi:
521 4019 563 4072 cui
581 4019 642 4092 quis
657 4019 733 4074 uolet
749 4017 832 4074 Gellii
844 4020 910 4074 libri
930 4020 971 4074 cul
995 4019 1085 4092 quiuis
1100 4037 1128 4076 u.
1145 4019 1297 4090 Scioppius
1322 4019 1443 4078 Ursinus

297 4119 336 4158 ecc
352 4110 405 4161 uel.
420 4105 482 4159 eod.
498 4105 536 4172 (.)
561 4106 613 4160 ciui
627 4105 718 4176 quiuis
731 4121 757 4158 u.
771 4103 910 4159 Biuollr'us
926 4105 961 4159 ul.
986 4106 1081 4178 quiqui
1095 4123 1121 4162 u.
1135 4105 1354 4161 Rillerslrusr'us.
1378 4109 1442 4180 quei

297 4189 372 4268 uolet
393 4189 584 4245 Mommseuus
604 4191 639 4244 de
655 4189 784 4244 tribubus
799 4205 869 4246 rom.
886 4205 914 4259 p.
934 4194 1030 4244 11411.
1049 4195 1111 4246 1111.
1134 4209 1175 4264 pr.
1192 4193 1242 4246 ism
1260 4191 1355 4264 quiqui
1372 4193 1441 4247 cluis

243 4296 248 4307 ·
297 4291 323 4328 u.
347 4273 377 4328 0.
395 4274 553 4330 Muellerus
572 4277 601 4329 lu
622 4273 696 4330 Mus.
719 4273 800 4331 rlreu.
820 4279 877 4330 iur.
903 4274 968 4346 Vp.
987 4277 1048 4330 192.
1111 4285 1152 4330 est
1175 4271 1218 4349 (dv
1234 4270 1279 4350 R.)
1303 4278 1441 4350 opelImus

297 4353 345 4433 (ex
361 4359 428 4415 esto'
444 4355 574 4434 Petimus)
608 4359 675 4431 Rep.
700 4357 777 4416 Voss.
795 4361 859 4415 moi.
1118 4366 1125 4372 ’
