3282 4970
755 203 893 251 TABVLA
915 202 939 251 1.

804 356 899 420 6-9.

363 479 435 526 uun
458 479 518 525 vm
539 476 691 536 cnevius,
716 474 844 522 onero.

363 581 400 626 NI
422 579 575 644 PAOVNT,
603 579 641 625 IN
668 576 814 626 OOMlTlO
837 575 907 622 AVT
934 576 971 622 IN
1002 575 1095 623 FORO
1124 575 1216 622 ANTE
1245 577 1447 624 MERIDIEM'
1546 621 1550 634 ,

279 681 437 730 CAVSSAM
460 679 660 742 commuto.
690 678 762 727 COM
782 677 992 726 PERORANTO
1014 677 1112 728 ΔΜΒΟ
1133 676 1368 730 PRAESENTES.

347 941 423 990 6-9.
442 938 604 990 Priscianus
616 955 642 1003 p.
657 938 708 989 894
720 938 750 987 Ρ.
763 939 778 989 Ι
794 951 821 1002 p.
835 938 885 987 523
898 951 939 1000 sq.
952 937 987 987 H.
1008 935 1073 988 ‘Sed
1086 937 1194 1003 antiqui
1206 941 1302 1003 ‘pago’
1315 954 1426 1004 quoqne

278 1027 410 1077 dicebant
431 1040 479 1090 pro
498 1023 663 1089 ‘paciscon’
690 1021 788 1073 Cicero
805 1023 834 1072 in
853 1022 881 1073 11
905 1021 939 1073 ad
957 1023 1141 1073 Herennium:
1163 1022 1254 1073 Pucta
1272 1028 1336 1073 sunt
1354 1041 1427 1089 quae

279 1110 389 1177 legibus
408 1107 583 1160 obseruanda
602 1111 666 1158 sunt
684 1107 736 1158 hoc
755 1107 833 1158 modo
852 1112 935 1157 ‘rem
951 1133 986 1144 -
1004 1108 1156 1158 orationi
1173 1113 1320 1174 pingunt!
1344 1110 1426 1163 Rhet.

279 1195 314 1246 ed
334 1195 400 1245 Her.
414 1193 441 1244 II
455 1195 496 1256 13,
515 1195 549 1244 20
567 1192 668 1242 ‘Pacta
686 1197 800 1244 sunt-
817 1193 869 1244 hoc
887 1192 979 1243 modo:
1003 1198 1087 1244 ‘rem
1105 1194 1163 1244 ubi
1185 1194 1425 1259 paciscuntur,

279 1281 312 1329 in
337 1279 475 1330 comitio
498 1303 533 1315 -
556 1277 706 1328 euicito.’
737 1277 792 1328 uid.
814 1278 876 1329 Gai.
895 1277 916 1328 l.
936 1279 984 1328 cit.
1009 1277 1044 1328 ad
1062 1279 1086 1328 4.
1122 1277 1229 1329 Gellius
1247 1281 1375 1345 xvsse,
1395 1284 1427 1333 10

279 1365 364 1424 ‘Sole
383 1365 482 1429 inquit,
502 1377 610 1414 occaso.
641 1363 702 1414 Non
720 1363 832 1413 insuaui
850 1366 992 1415 uetustate
1011 1366 1069 1427 est,
1086 1365 1112 1413 si
1129 1365 1190 1428 quis
1209 1379 1304 1415 aurem
1322 1367 1435 1417 habeat·

279 1466 334 1500 non
353 1448 489 1500 sordidam
509 1463 561 1499 uec
579 1447 782 1514 proculcatam
801 1448 830 1497 in
848 1447 992 1498 duodecim
1011 1451 1102 1498 autem
1121 1448 1225 1500 tubulis
1243 1451 1358 1500 uerbum
1375 1450 1428 1502 hoc

279 1537 319 1586 ita
332 1535 465 1600 scriptum
478 1537 520 1585 est
533 1537 631 1584 ‘ante
647 1532 836 1583 meridiem’
916 1532 963 1596 (7.)
981 1534 1086 1584 Nonius
1096 1549 1122 1598 p.
1136 1534 1185 1585 26⁷
1199 1535 1319 1586 ‘coicere
1332 1551 1427 1601 agere.

278 1619 444 1670 Afranius
457 1617 618 1669 Materterie
631 1617 692 1679 (216
704 1615 799 1683 Ribb.)
812 1614 956 1667 Causam
970 1619 1107 1669 coicere
1125 1618 1222 1670 hodie
1236 1618 1274 1669 ud
1291 1624 1323 1671 te
1339 1620 1427 1672 uolo.

279 1703 406 1753 Ambon
425 1702 574 1753 adestis?
592 1700 793 1766 profuturos
812 1701 982 1755 arbitror.’
1008 1702 1325 1765 Quinctiliunus16,11
1345 1707 1427 1757 ‘Nam

279 1804 340 1838 cum
350 1788 379 1837 iu
388 1787 440 1838 XII
450 1786 554 1838 tabulis
567 1787 737 1852 legeremus:
751 1787 801 1836 ‘ni
813 1787 862 1836 itu
874 1791 1029 1854 pagunt’‚
1039 1787 1250 1840 inueniebamus
1262 1790 1351 1842 simile
1361 1791 1428 1844 hnic

279 1872 426 1935 ‘cadunt‘‚
451 1872 514 1923 inde
543 1871 631 1937 prima
654 1871 755 1938 positio
781 1871 890 1922 etiamsi
910 1875 1051 1923 uetustate
1075 1872 1252 1938 aboleuerat‚
1272 1877 1428 1941 apparebat

273 1962 374 2023 .‘pag0‘
393 1962 424 2007 ut
441 1957 533 2008 ‘cado’
552 1972 575 2007 e.
590 1972 615 2021 q.
629 1971 651 2011 s,
687 1956 834 2007 Terentius
853 1956 972 2008 Scaurus
991 1955 1025 2007 de
1044 1956 1163 2024 orthogr.
1181 1975 1208 2024 p.
1222 1961 1288 2011 2253
1304 1961 1336 2011 P.
1355 1964 1427 2028 ‘Ego

280 2041 467 2094 contenderim
485 2043 574 2107 magis
599 2055 802 2107 superuacuam
820 2056 882 2092 esse
902 2039 923 2090 O
942 2057 1023 2106 quam
1042 2042 1080 2102 K,
1105 2045 1233 2107 quoniam
1252 2047 1277 2096 K
1299 2050 1331 2095 ut
1353 2047 1428 2114 apud

281 2128 404 2180 Graecos
422 2127 492 2178 satis
510 2128 566 2176 uim
589 2126 703 2177 litterae
727 2124 851 2188 etiami}
871 2127 1021 2191 exprimat;
1041 2125 1089 2178 sed
1113 2128 1245 2192 quosdam
1268 2129 1357 2196 figura
1380 2133 1427 2183 de-

280 2218 388 2278 ceptos,
410 2227 465 2277 qua
482 2226 537 2261 non
556 2210 643 2260 solum
663 2210 737 2277 apud
756 2226 819 2274 nos,
838 2227 934 2262 uerum
957 2211 1041 2262 etiem
1061 2211 1134 2278 apud
1152 2214 1281 2280 antiquos
1305 2215 1427 2268 Graeco·

279 2313 338 2347 rum
356 2298 426 2347 haec
444 2297 540 2348 littera
558 2296 721 2360 notabatur,
746 2299 777 2346 ut
795 2299 915 2346 testatur
933 2294 1031 2347 foedus
1051 2296 1187 2348 Graeciae
1207 2335 1214 2350 .
1235 2335 1242 2353 .
1261 2337 1268 2348 .
1286 2300 1353 2352 item
1371 2302 1427 2354 XII

279 2382 402 2445 tabulae,
422 2381 471 2431 nbi
490 2384 532 2431 est
550 2380 595 2429 ‘ni
612 2384 751 2447 pagunt'
772 2376 799 2443 (l.
814 2380 953 2446 pacunt)
973 2381 1107 2446 perhanc
1121 2383 1248 2447 formam,
1268 2385 1426 2450 quodmule

281 2466 390 2532 qtndam
408 2482 458 2532 per
475 2464 496 2515 C
516 2466 676 2516 enuntiant:
695 2469 739 2516 est
756 2467 828 2517 enim
846 2466 1032 2533 praepositum
1052 2467 1111 2518 eius
1130 2468 1223 2535 pepigi
1242 2485 1258 2520 a
1276 2485 1377 2536 pango,
1396 2477 1428 2522 ut

280 2557 365 2618 tango
389 2550 484 2616 tetigi,
506 2566 561 2601 non
583 2567 655 2616 paxo
678 2555 709 2600 ul
731 2569 748 2602 a
772 2551 834 2602 dico
858 2549 936 2604 dixi.’
962 2547 1007 2615 (cs.
1032 2551 1203 2604 Schneiderus
1226 2555 1271 2609 Gr,
1289 2556 1308 2605 I
1327 2573 1355 2620 p.
1375 2561 1426 2607 271

280 2643 331 2686 not.
358 2637 498 2687 Corssenus
520 2638 552 2686 de
575 2636 670 2686 Euent.
694 2636 713 2685 Ι
729 2635 765 2698 7.)
791 2635 881 2689 Gloss.
905 2636 968 2687 Vat.
992 2637 1047 2687 VII
1063 2653 1091 2703 p.
1110 2640 1160 2688 572
1183 2638 1241 2689 Mai
1266 2644 1294 2691 et
1316 2641 1429 2692 Placidi

283 2721 327 2772 Gl.
339 2736 366 2784 p.
379 2723 430 2771 493
441 2721 480 2770 Μ.
499 2724 612 2786 ‘pacere
624 2720 753 2785 pacisci?
773 2719 861 2780 Gloas.
875 2720 963 2774 Labb.
977 2725 1070 2788 ‘pago,
1084 2723 1127 2788 gis
1142 2720 1319 2788 cunaldensi!
1356 2724 1428 2776 Oen-

365 2963 470 3022 6—9.
508 2963 546 3019 rei
563 2962 734 3035 Rutpersius
763 2965 830 3020 Ver.
852 2963 929 3019 Lect.
959 2963 1050 3020 Viti.
1077 2963 1230 3039 Knyscrus
1256 2968 1295 3023 ed
1318 2967 1428 3040 Cernis.

275 3071 308 3124 p.
335 3054 399 3107 251.
433 3043 436 3048 ’
490 3055 592 3123 pucunt
624 3037 748 3105 testetur
775 3049 925 3105 Terentius
957 3047 1102 3120 Scaurus,
1136 3055 1190 3108 etsi
1217 3061 1322 3127 pagunt
1351 3053 1429 3110 dedit

279 3136 449 3194 Putscltius:
470 3142 576 3208 pugnus
597 3133 765 3190 Priscianus
785 3141 812 3190 et
833 3133 917 3189 Rtet.
939 3135 978 3189 ccl
998 3132 1179 3192 Herennium
1199 3138 1280 3194 cedd.
1301 3139 1428 3210 interpo-

279 3225 332 3278 luti
345 3222 520 3296 paciscuntur
540 3225 665 3291 utreque
683 3218 791 3289 familia
811 3225 867 3290 opt.
888 3219 971 3276 codd.
1027 3227 1120 3284 orato,
1143 3223 1171 3276 nl
1186 3229 1292 3295 pagunt
1307 3225 1427 3280 Besius:

280 3305 398 3364 orationi
419 3305 566 3377 (erectioni
587 3304 684 3360 Puris
701 3302 753 3367 R„
776 3304 913 3360 iterationi
929 3303 1095 3378 Bemberp.)
1116 3315 1219 3380 pagunt
1234 3308 1315 3364 codd.
1331 3308 1426 3364 Prisc.

173 3381 177 3388 ’
280 3393 402 3463 indeque
424 3391 547 3446 oratioue
563 3388 596 3460 (s.
613 3387 733 3445 oracioni
754 3403 777 3443 s.
796 3389 959 3462 oraticnem)
979 3397 1084 3465 pagunt
1103 3388 1136 3462 (s.
1153 3389 1247 3466 paug.)
1264 3392 1348 3449 codd.
1377 3394 1428 3450 eii-

281 3482 349 3550 quot
378 3475 540 3530 deteriores*
559 3472 643 3529 Rdct,
675 3474 714 3528 ud
738 3472 818 3547 Her.¹
839 3491 893 3530 em.
921 3475 1045 3532 melioris
1077 3481 1161 3532 notae
1187 3491 1291 3534 omnes.
1329 3487 1427 3534 orante

281 3561 412 3632 Scuiipcr
429 3559 468 3614 ud
490 3559 602 3615 Festum
628 3575 652 3614 v.
670 3558 804 3614 Plorare.
833 3566 923 3614 ratum
950 3575 973 3617 s.
995 3567 1083 3617 rotem
1105 3568 1165 3618 esto
1189 3562 1339 3618 Turnebus
1356 3562 1426 3619 Ado.

282 3648 391 3712 29,1.›.
421 3643 448 3699 ui
470 3644 507 3718 lta
528 3650 632 3718 pogunl
654 3641 787 3710 Quinctil.
810 3643 944 3701 Cuiecius
971 3646 1011 3702 ud
1031 3651 1049 3702 t.
1072 3644 1108 3701 D.
1129 3647 1287 3718 depactis.
1370 3649 1427 3705 coi·

282 3735 374 3788 cincto
390 3730 496 3799 scripsi
509 3728 687 3800 Scaliperum
702 3734 818 3784 secutus
833 3728 895 3800 (qui
909 3729 1077 3802 coniciunto)
1092 3745 1131 3786 eu
1142 3733 1265 3804 vestipiis
1275 3733 1357 3790 codd.
1369 3739 1426 3804 opt.

281 3815 365 3870 linet.
381 3814 421 3869 ud
431 3813 504 3869 Her.
519 3813 573 3886 (cf.
581 3813 785 3869 Lactmannus
796 3815 836 3869 eci
845 3815 932 3870 lucr.
943 3831 974 3886 p.
986 3816 1073 3880 136):
1085 3817 1225 3873 coniciunt
1237 3815 1320 3873 Gellii
1329 3818 1428 3874 Petne.

282 3900 387 3958 Christ.
406 3901 464 3954 597
478 3897 566 3970 Mopt.
581 3897 697 3955 SGerm.
721 3899 857 3955 conitiunt
872 3899 942 3972 Rep.
965 3899 1043 3956 Voss.
1056 3901 1122 3956 mei.
1135 3903 1201 3959 min.
1225 3903 1325 3958 euicito
1341 3901 1428 3958 Rnet.

281 3987 320 4041 ud
334 3983 408 4040 Her.
439 3983 505 4039 libri
518 3990 574 4054 opt.
592 3983 740 4055 Hertipot.
762 3984 859 4041 Puris.
881 3983 998 4056 Erfurt.
1019 3985 1058 4041 al.
1088 3987 1206 4044 conicito
1227 4003 1250 4043 s.
1267 3989 1383 4046 conitlto
1402 4002 1426 4042 s.

282 4069 410 4126 coniicito
426 4073 477 4125 ctt.
501 4069 625 4126 conscito
642 4068 726 4126 Gellii
738 4070 782 4125 ed.
798 4068 903 4126 Aldina
913 4070 998 4141 prob.
1015 4087 1079 4126 cum
1095 4072 1159 4127 aliis
1178 4071 1328 4129 Huscirlcio
1342 4072 1427 4128 Anci.

281 4157 332 4210 litt.
344 4170 378 4225 p.
396 4156 452 4208 186
467 4154 650 4228 Lcclrmcnne
666 4155 705 4209 ad
718 4155 804 4210 Lucr.
826 4171 855 4226 p.
871 4158 937 4211 349.
1003 4172 1063 4211 com
1079 4165 1228 4230 perorante
1243 4158 1350 4228 scripsi
1362 4173 1428 4213 cum

281 4237 409 4310 Berpkio
431 4235 492 4308 (scd
511 4240 535 4294 is
556 4238 682 4312 comque)
704 4237 778 4295 Mus.
801 4239 846 4295 rii.
867 4240 937 4311 plril.
961 4239 1040 4296 XIX
1054 4257 1087 4312 p.
1113 4245 1187 4298 605.-
1215 4258 1275 4298 cum
1298 4249 1429 4314 perorant
