3282 4970
295 295 356 359 loo
710 305 822 352 31111
845 305 1021 364 overrun.

292 464 470 531 Muellerus
491 464 572 530 fecit
591 461 612 527 l.
634 460 673 545 l.,
688 462 849 538 ,breviter
875 462 954 550 quid
980 463 1027 528 rei
1054 465 1096 528 sit
1110 465 1266 530 indicans
1281 465 1324 530 ad
1339 464 1437 530 Pauli

292 569 586 656 glossamfForma
600 565 698 630 huius
713 569 735 599 “
743 571 815 628 escit
821 570 844 600 ’'
860 574 932 630 erat
945 566 1039 632 verbi
1059 566 1238 632 inchoativi
1247 616 1256 649 ,
1274 568 1438 654 signifiea-

293 672 339 736 tio
355 671 483 736 futuri?
505 669 591 734 Nam
606 666 817 757 (11111311113111
832 677 866 731 31
878 667 985 754 ipsam
1000 668 1103 736 futuri
1119 667 1262 756 explicat
1276 691 1320 734 ex
1334 669 1436 756 ‘esjit’

293 775 316 840 i.
332 797 360 840 e.
376 773 444 840 skr.
460 771 593 857 ‘asyati’
609 770 780 835 oriundam
795 769 837 836 G.
854 768 985 835 (iurtius
1002 771 1043 836 de
1058 781 1081 838 t.
1099 780 1132 836 et
1145 794 1189 836 m.
1204 795 1237 859 p.
1255 771 1316 836 115
1332 793 1393 859 sq.⁷
1417 793 1440 835 a

294 877 456 943 Corsseno
470 871 632 938 refellitur
647 871 759 958 Symb.
775 873 848 937 crit.
863 894 895 959 p.
912 872 954 937 35
969 896 1054 961 sqq.:
1072 896 1145 939 cum
1161 875 1188 960 sj
1207 875 1242 938 in
1258 874 1287 938 si
1302 872 1438 959 (‘siem’)

200 971 202 976 ⁵
294 1002 360 1045 non
374 979 409 1042 in
425 999 460 1042 se
474 977 617 1041 transire
633 973 736 1042 soleat
750 971 845 1039 latini
866 977 1025 1041 sermonis
1045 974 1132 1062 lege:
1158 998 1243 1062 quae
1263 976 1348 1040 ratio
1369 975 1440 1039 iam

293 1081 372 1146 inde
387 1076 605 1167 improbanda
621 1085 701 1158 erat,
717 1076 805 1163 quod
819 1077 923 1164 ipsius
940 1102 973 1144 v.
993 1084 1088 1143 ‘escit’
1104 1077 1251 1144 futurum
1267 1077 1440 1157 formatur,
1457 1081 1461 1087 '

295 1184 322 1248 si
344 1205 411 1270 qua
425 1181 507 1246 fides
529 1189 579 1245 est
599 1178 695 1245 Pauli
715 1180 826 1245 verbis
848 1202 880 1267 p.
898 1180 959 1244 188
974 1187 985 1218 ‘
992 1185 1120 1245 31111311
1138 1185 1231 1246 oberit
1249 1187 1295 1245 eet
1315 1183 1439 1244 aderit?

294 1285 365 1350 Nec
384 1285 489 1369 magis
511 1282 658 1368 Boppius
680 1281 864 1346 audiendus
886 1282 1015 1347 est¹Gn
1037 1303 1143 1369 comp.
1159 1282 1213 1348 ΙΠ
1234 1307 1266 1370 p.
1284 1281 1362 1364 104,
1383 1281 1441 1366 qui

295 1389 331 1452 in
346 1387 489 1468 ¹‘escit'‚
520 1391 692 1472 ε111333οῇ
726 1383 855 1450 ‘ictor'
882 1386 1083 1462 ‘ruvriacam’
1115 1384 1316 1470 gutturalem
1345 1382 1441 1448 intel·

295 1493 385 1575 legat
410 1489 507 1575 quasi
532 1487 696 1572 quendam
722 1487 893 1552 ‘comitem
915 1486 1151 1573 euphonieum'
1173 1487 1302 1552 litterae
1325 1509 1339 1550 s
1361 1494 1394 1550 et
1413 1506 1441 1566 c,

295 1615 370 1660 cum
397 1591 485 1656 idem
511 1612 544 1677 p.
562 1588 623 1654 132
644 1611 692 1675 sq.
719 1587 786 1653 alia
810 1589 1001 1655 inchoativa
1027 1589 1205 1655 contendat
1231 1588 1345 1654 addita
1369 1589 1444 1674 ipsa

295 1695 403 1760 forma
418 1699 518 1758 ‘asco’
541 1713 567 1756 s.
584 1691 769 1776 antiquiore
790 1694 891 1755 ‘asco’
914 1690 1025 1756 efficta
1045 1715 1133 1758 esse:
1161 1713 1245 1781 quae
1270 1692 1341 1754 iure
1367 1711 1442 1754 con-

297 1797 431 1861 demnat
445 1793 574 1858 Pettius
586 1792 721 1874 Quaest.
734 1801 832 1879 etym.
848 1792 884 1857 II
898 1816 929 1879 p.
942 1793 1003 1857 628
1020 1794 1071 1858 ed.
1084 1794 1113 1858 2.
1130 1793 1171 1858 cf.
1185 1794 1368 1860 Corssenus
1384 1789 1405 1855 l.
1419 1791 1441 1855 1.

297 1897 459 1962 Nimirum
475 1895 582 1960 ‘escit’
599 1895 731 1982 proprie
746 1903 796 1960 331
810 1893 1048 1980 inchoativum:
1072 1896 1125 1960 cui
1145 1897 1231 1982 quod
1246 1894 1349 1960 futuri
1368 1915 1443 1981 par-

251 2068 254 2072 ,
298 2011 347 2065 133
364 1998 539 2086 aliquando
556 1997 700 2063 tributae
715 2005 807 2078 sunt,
831 2019 872 2061 ex
888 2006 977 2063 arcto
993 1997 1125 2063 vinculo
1141 2017 1204 2085 quo
1225 1997 1374 2083 iungitur
1394 1995 1445 2059 fu-

297 2103 451 2168 turicum
466 2097 643 2165 incohandi
658 2099 809 2180 notione,
832 2098 1072 2184 simplicissime
1093 2098 1293 2186 explicatur:
1319 2117 1383 2185 qua
1404 2097 1446 2160 de

298 2205 490 2290 cognatione
518 2200 622 2266 multa
643 2201 812 2286 ingeniose
833 2210 869 2264 ut
896 2200 981 2266 solet
1001 2202 1129 2267 Pottius
1156 2204 1177 2266 l.
1201 2199 1221 2265 l.
1250 2200 1443 2287 disputavit.

298 2306 430 2372 Veteris
447 2313 556 2370 autem
571 2303 697 2367 formae
712 2303 796 2368 ratio
815 2301 976 2389 quaedam
995 2303 1115 2369 habita
1131 2303 1264 2368 videtur
1289 2302 1321 2365 in
1345 2301 1445 2366 edicti

298 2407 454 2495 praetorii
479 2404 589 2470 verbis
616 2407 685 2468 ‘eui
713 2409 800 2469 teres
828 2424 887 2467 1133
912 2409 1074 2469 eatabtt'
1103 2404 1169 2491 (ap.
1197 2404 1387 2470 Ciceronem
1414 2426 1446 2490 p.

300 2510 431 2591 Quinct.
456 2507 505 2588 19,
526 2506 600 2594 60):
627 2505 902 2592 quemadmodum
922 2507 1083 2593 pristinae
1103 2506 1353 2592 significationis
1379 2527 1446 2570 me-

300 2611 438 2677 moriam
453 2608 600 2673 servavit
614 2607 668 2672 vel
690 2608 899 2693 interpolatio
914 2649 956 2656 —
970 2631 1047 2674 nam
1067 2609 1214 2695 profecto
1234 2607 1447 2694 interpolatio

300 2722 351 2778 est
364 2733 424 2778 nec
440 2709 525 2796 quod
542 2708 666 2795 placuit
680 2709 920 2796 Wesenbergio
941 2710 1070 2775 librarii
1091 2715 1182 2777 error
1199 2749 1233 2759 —
1252 2710 1342 2798 apud
1357 2709 1448 2775 Cice·
1524 2742 1532 2750 ‘

300 2836 414 2880 13113111
429 2820 462 2876 31
476 2811 573 2878 Auct.
591 2809 634 2875 ad
648 2809 852 2875 Herennium
869 2817 913 2876 ‘aa‘
927 2815 1064 2890 furiosus
1083 2835 1163 2879 esse
1176 2820 1329 2894 13311111’
1350 2821 1383 2877 et
1405 2819 1452 2876 ‘st'

298 2921 326 2994 l.
341 2919 501 2980 existet?

387 3121 531 3188 Omitti
552 3130 661 3186 autem
676 3119 954 3208 praedicatum
968 3121 1003 3185 in
1017 3131 1135 3187 11311113
1151 3123 1333 3188 sententiae
1354 3131 1449 3210 parte

302 3223 393 3290 lieet:
417 3223 505 3312 quod
520 3245 623 3309 genus
640 3234 672 3290 et
687 3224 731 3289 ab
746 3224 834 3289 omni
850 3223 958 3309 legum
973 3223 1089 3290 habitu
1109 3234 1208 3312 atque
1228 3247 1292 3290 usu
1309 3234 1343 3290 et
1360 3247 1448 3290 ana·

305 3328 375 3393 tiva
394 3326 524 3412 priseae
540 3327 657 3391 aetatis
674 3325 804 3391 dicendi
819 3327 944 3392 ratione
958 3327 1055 3392 nimis
1070 3336 1230 3394 remotum
1245 3337 1304 3394 est.
1333 3329 1449 3414 Itaque
1523 3390 1527 3396 .

305 3428 359 3492 III
375 3430 393 3492 7
410 3433 571 3492 ‘Adversus
584 3433 692 3492 hostem
708 3439 833 3492 aeterno
848 3435 1027 3494 auctoritas’
1049 3453 1069 3494 a
1084 3429 1155 3496 XII
1170 3440 1257 3497 certe
1273 3436 1368 3496 ‘erto’
1384 3453 1449 3496 non

304 3529 424 3595 abfuit.
447 3529 564 3595 Altera
579 3539 729 3616 exparte
745 3530 762 3595 I
778 3531 798 3595 9
817 3529 894 3596 hinc
915 3531 1124 3619 potissimum
1145 3534 1294 3599 firmatur
1309 3534 1449 3621 suspitio

304 3633 488 3697 membrum
508 3637 552 3696 ‘a'
571 3637 657 3696 ambo
670 3640 864 3714 praesentes’
886 3633 981 3721 plane
1002 3632 1083 3700 illud
1105 3635 1387 3724 supervacaneum
1407 3637 1450 3702 ab

304 3737 481 3822 interprete
496 3734 581 3799 male
594 3734 829 3821 interpolatum
845 3759 933 3802 esses

391 3939 542 4026 Denique
569 3941 868 4006 sententiarum
893 3963 998 4027 nexus
1024 3941 1060 4005 in
1080 3940 1153 4027 lege
1178 3954 1228 4008 est
1248 3942 1450 4030 simplicissi-

306 4063 394 4106 mus:
417 4063 502 4127 quae
517 4063 590 4124 cum
605 4042 675 4107 fere
696 4065 823 4130 semper
844 4065 909 4108 uno
930 4044 1098 4110 enuntiato
1120 4053 1153 4110 et
1174 4046 1396 4112 condicionem
1418 4054 1452 4110 31

306 4153 467 4208 statutum
487 4145 672 4209 continente
694 4145 927 4212 absolvantur:
956 4155 1025 4210 tum
1046 4145 1151 4211 sicubi
1177 4146 1287 4233 plures
1310 4147 1352 4212 ad
1376 4171 1451 4212 ean-

307 4245 382 4309 dem
408 4267 476 4308 rem
504 4246 662 4329 tendunt,
691 4246 900 4314 solutaenec
926 4247 993 4312 ulla
1019 4247 1136 4336 copula
1157 4249 1288 4314 iunctae
1314 4248 1452 4314 alteram

307 4343 412 4409 altera
433 4350 585 4435 excipere
606 4348 701 4415 solet.
730 4349 843 4413 31111
862 4349 959 4414 2-4
981 4355 1062 4414 ‘Post
1081 4355 1191 4414 deinde
1210 4370 1317 4416 11131111
1336 4357 1453 4416 iniectio
