<?xml version="1.0" encoding="UTF-8"?>
<!DOCTYPE html PUBLIC "-//W3C//DTD XHTML 1.0 Transitional//EN"
    "http://www.w3.org/TR/xhtml1/DTD/xhtml1-transitional.dtd">
<html xmlns="http://www.w3.org/1999/xhtml" xml:lang="en" lang="en">
 <head>
  <title>
</title>
<meta http-equiv="Content-Type" content="text/html;charset=utf-8" />
  <meta name='ocr-system' content='tesseract 3.04.00' />
  <meta name='ocr-capabilities' content='ocr_page ocr_carea ocr_par ocr_line ocrx_word'/>
</head>
<body>
  <div class='ocr_page' id='page_1' title='image "./legisdvodecimta02schgoog/legisdvodecimta02schgoog_0035.png"; bbox 0 0 3282 4992; ppageno 0'>
   <div class='ocr_carea' id='block_1_1' title="bbox 328 269 1038 366">
    <p class='ocr_par' dir='ltr' id='par_1_1' title="bbox 328 269 1038 366">
     <span class='ocr_line' id='line_1_1' title="bbox 328 269 1038 366; baseline 0.006 -32"><span class='ocrx_word' id='word_1_1' title='bbox 328 269 366 334; x_wconf 84' lang='lat'><strong>18</strong></span> <span class='ocrx_word' id='word_1_2' title='bbox 752 287 869 366; x_wconf 11' lang='lat' dir='ltr'><strong>‘cssvr</strong></span> <span class='ocrx_word' id='word_1_3' title='bbox 891 290 1038 338; x_wconf 73' lang='lat' dir='ltr'><strong>aaluvu.</strong></span> 
     </span>
    </p>
   </div>
   <div class='ocr_carea' id='block_1_2' title="bbox 254 439 1493 1145">
    <p class='ocr_par' dir='ltr' id='par_1_2' title="bbox 254 439 1493 1145">
     <span class='ocr_line' id='line_1_2' title="bbox 409 439 1474 534; baseline 0.008 -28"><span class='ocrx_word' id='word_1_4' title='bbox 409 440 559 506; x_wconf 79' lang='lat' dir='ltr'><strong>Ceterum</strong></span> <span class='ocrx_word' id='word_1_5' title='bbox 574 449 612 505; x_wconf 91' lang='lat' dir='ltr'><strong>ut</strong></span> <span class='ocrx_word' id='word_1_6' title='bbox 626 439 709 526; x_wconf 85' lang='lat' dir='ltr'><strong>legis</strong></span> <span class='ocrx_word' id='word_1_7' title='bbox 724 443 899 526; x_wconf 88' lang='lat' dir='ltr'><strong>memoria,</strong></span> <span class='ocrx_word' id='word_1_8' title='bbox 921 443 968 507; x_wconf 91' lang='lat' dir='ltr'><strong>ita</strong></span> <span class='ocrx_word' id='word_1_9' title='bbox 989 442 1133 510; x_wconf 89' lang='lat' dir='ltr'><strong>studium</strong></span> <span class='ocrx_word' id='word_1_10' title='bbox 1148 467 1283 534; x_wconf 35' lang='lat' dir='ltr'><strong>&#39;quoque</strong></span> <span class='ocrx_word' id='word_1_11' title='bbox 1304 441 1436 534; x_wconf 86' lang='lat' dir='ltr'><strong>proprie</strong></span> <span class='ocrx_word' id='word_1_12' title='bbox 1448 473 1474 514; x_wconf 88' lang='lat' dir='ltr'><strong>a</strong></span> 
     </span>
     <span class='ocr_line' id='line_1_3' title="bbox 323 541 1472 634; baseline 0.01 -30"><span class='ocrx_word' id='word_1_13' title='bbox 323 541 554 608; x_wconf 87' lang='lat' dir='ltr'><strong>iureconsultis</strong></span> <span class='ocrx_word' id='word_1_14' title='bbox 575 543 612 608; x_wconf 92' lang='lat' dir='ltr'><strong>in</strong></span> <span class='ocrx_word' id='word_1_15' title='bbox 633 565 705 609; x_wconf 86' lang='lat' dir='ltr'><strong>eam</strong></span> <span class='ocrx_word' id='word_1_16' title='bbox 721 541 877 609; x_wconf 87' lang='lat' dir='ltr'><strong>collatum</strong></span> <span class='ocrx_word' id='word_1_17' title='bbox 893 543 970 609; x_wconf 91' lang='lat' dir='ltr'><strong>dum</strong></span> <span class='ocrx_word' id='word_1_18' title='bbox 985 546 1089 630; x_wconf 88' lang='lat' dir='ltr'><strong>magis</strong></span> <span class='ocrx_word' id='word_1_19' title='bbox 1106 547 1277 633; x_wconf 81' lang='lat' dir='ltr'>magisque</span> <span class='ocrx_word' id='word_1_20' title='bbox 1292 551 1472 634; x_wconf 84' lang='lat' dir='ltr'><strong>evanescit,</strong></span> 
     </span>
     <span class='ocr_line' id='line_1_4' title="bbox 322 644 1472 738; baseline 0.009 -32"><span class='ocrx_word' id='word_1_21' title='bbox 322 644 356 707; x_wconf 92' lang='lat' dir='ltr'><strong>in</strong></span> <span class='ocrx_word' id='word_1_22' title='bbox 375 644 553 732; x_wconf 83' lang='lat' dir='ltr'><strong>provinciis</strong></span> <span class='ocrx_word' id='word_1_23' title='bbox 574 645 812 734; x_wconf 78' lang='lat' dir='ltr'><strong>aliquantisper</strong></span> <span class='ocrx_word' id='word_1_24' title='bbox 833 655 1116 713; x_wconf 80' lang='lat' dir='ltr'><strong>remoratum-esse</strong></span> <span class='ocrx_word' id='word_1_25' title='bbox 1131 648 1274 715; x_wconf 80' lang='lat' dir='ltr'><strong>videtur.</strong></span> <span class='ocrx_word' id='word_1_26' title='bbox 1304 649 1390 716; x_wconf 89' lang='lat' dir='ltr'><strong>Nam</strong></span> <span class='ocrx_word' id='word_1_27' title='bbox 1406 673 1472 738; x_wconf 90' lang='lat' dir='ltr'><strong>quo</strong></span> 
     </span>
     <span class='ocr_line' id='line_1_5' title="bbox 322 745 1493 838; baseline 0.003 -26"><span class='ocrx_word' id='word_1_28' title='bbox 322 755 468 838; x_wconf 84' lang='lat' dir='ltr'><strong>tempore</strong></span> <span class='ocrx_word' id='word_1_29' title='bbox 483 745 659 814; x_wconf 83' lang='lat' dir='ltr'><strong>Salvianus</strong></span> <span class='ocrx_word' id='word_1_30' title='bbox 674 747 892 814; x_wconf 70' lang='lat' dir='ltr'><strong>Massiliensis</strong></span> <span class='ocrx_word' id='word_1_31' title='bbox 909 747 954 824; x_wconf 54' lang='lat' dir='ltr'><strong>,de</strong></span> <span class='ocrx_word' id='word_1_32' title='bbox 970 747 1234 837; x_wconf 81' lang='lat' dir='ltr'><strong>Carthaginiensi</strong></span> <span class='ocrx_word' id='word_1_33' title='bbox 1256 750 1341 836; x_wconf 85' lang='lat' dir='ltr'><strong>legis</strong></span> <span class='ocrx_word' id='word_1_34' title='bbox 1362 775 1472 818; x_wconf 88' lang='lat' dir='ltr'><strong>exem·</strong></span> <span class='ocrx_word' id='word_1_35' title='bbox 1491 803 1493 806; x_wconf 87' lang='lat'>.</span> 
     </span>
     <span class='ocr_line' id='line_1_6' title="bbox 304 839 1473 938; baseline 0.006 -25"><span class='ocrx_word' id='word_1_36' title='bbox 304 839 405 936; x_wconf 63' lang='lat' dir='ltr'><strong>&#39;plari</strong></span> <span class='ocrx_word' id='word_1_37' title='bbox 432 858 585 931; x_wconf 85' lang='lat' dir='ltr'><strong>testatur,</strong></span> <span class='ocrx_word' id='word_1_38' title='bbox 612 849 726 916; x_wconf 92' lang='lat' dir='ltr'><strong>eodem</strong></span> <span class='ocrx_word' id='word_1_39' title='bbox 747 850 891 917; x_wconf 89' lang='lat' dir='ltr'><strong>Leonem</strong></span> <span class='ocrx_word' id='word_1_40' title='bbox 917 851 1080 938; x_wconf 88' lang='lat' dir='ltr'><strong>quendam</strong></span> <span class='ocrx_word' id='word_1_41' title='bbox 1105 861 1139 918; x_wconf 91' lang='lat' dir='ltr'><strong>et</strong></span> <span class='ocrx_word' id='word_1_42' title='bbox 1157 852 1416 920; x_wconf 80' lang='lat' dir='ltr'><strong>iureconsultum</strong></span> <span class='ocrx_word' id='word_1_43' title='bbox 1437 865 1473 920; x_wconf 92' lang='lat' dir='ltr'><strong>et</strong></span> 
     </span>
     <span class='ocr_line' id='line_1_7' title="bbox 319 951 1469 1043; baseline 0.003 -27"><span class='ocrx_word' id='word_1_44' title='bbox 319 961 453 1037; x_wconf 86' lang='lat' dir='ltr'><strong>poetam</strong></span> <span class='ocrx_word' id='word_1_45' title='bbox 467 951 623 1018; x_wconf 89' lang='lat' dir='ltr'><strong>Narbone</strong></span> <span class='ocrx_word' id='word_1_46' title='bbox 636 952 707 1018; x_wconf 88' lang='lat' dir='ltr'><strong>XII</strong></span> <span class='ocrx_word' id='word_1_47' title='bbox 721 952 851 1020; x_wconf 88' lang='lat' dir='ltr'><strong>tabulas</strong></span> <span class='ocrx_word' id='word_1_48' title='bbox 868 952 1018 1020; x_wconf 83' lang='lat' dir='ltr'><strong>docuisse</strong></span> <span class='ocrx_word' id='word_1_49' title='bbox 1027 953 1053 1041; x_wconf 87' lang='lat'><strong>¹)</strong></span> <span class='ocrx_word' id='word_1_50' title='bbox 1070 976 1113 1020; x_wconf 84' lang='lat' dir='ltr'><strong>ex</strong></span> <span class='ocrx_word' id='word_1_51' title='bbox 1121 953 1248 1020; x_wconf 85' lang='lat' dir='ltr'><strong>Sidonii</strong></span> <span class='ocrx_word' id='word_1_52' title='bbox 1260 953 1469 1043; x_wconf 84' lang='lat' dir='ltr'><strong>Apollinaris</strong></span> 
     </span>
     <span class='ocr_line' id='line_1_8' title="bbox 254 1050 1345 1145; baseline 0.005 -29"><span class='ocrx_word' id='word_1_53' title='bbox 254 1085 257 1092; x_wconf 93' lang='lat'>·</span> <span class='ocrx_word' id='word_1_54' title='bbox 319 1050 427 1138; x_wconf 86' lang='lat' dir='ltr'><strong>elogio</strong></span> <span class='ocrx_word' id='word_1_55' title='bbox 442 1052 607 1120; x_wconf 86' lang='lat' dir='ltr'><strong>Narbonis</strong></span> <span class='ocrx_word' id='word_1_56' title='bbox 624 1055 738 1142; x_wconf 87' lang='lat' dir='ltr'><strong>(carm.</strong></span> <span class='ocrx_word' id='word_1_57' title='bbox 756 1055 896 1140; x_wconf 88' lang='lat' dir='ltr'>XXIII)</span> <span class='ocrx_word' id='word_1_58' title='bbox 913 1057 1132 1143; x_wconf 86' lang='lat' dir='ltr'><strong>comperimus</strong></span> <span class='ocrx_word' id='word_1_59' title='bbox 1143 1080 1180 1134; x_wconf 63' lang='lat' dir='ltr'><strong>‚v.</strong></span> <span class='ocrx_word' id='word_1_60' title='bbox 1195 1057 1259 1122; x_wconf 88' lang='grc'><strong>446</strong></span> <span class='ocrx_word' id='word_1_61' title='bbox 1275 1080 1345 1145; x_wconf 91' lang='lat' dir='ltr'><strong>sqq.</strong></span> 
     </span>
    </p>
   </div>
   <div class='ocr_carea' id='block_1_3' title="bbox 535 1213 1151 1584">
    <p class='ocr_par' dir='ltr' id='par_1_3' title="bbox 535 1213 1151 1584">
     <span class='ocr_line' id='line_1_9' title="bbox 535 1213 1133 1290; baseline 0.003 -18"><span class='ocrx_word' id='word_1_62' title='bbox 535 1225 539 1230; x_wconf 84' lang='grc'><strong>’</strong></span> <span class='ocrx_word' id='word_1_63' title='bbox 605 1215 665 1274; x_wconf 83' lang='lat' dir='ltr'><strong>sine</strong></span> <span class='ocrx_word' id='word_1_64' title='bbox 681 1214 724 1273; x_wconf 84' lang='lat' dir='ltr'><strong>ed</strong></span> <span class='ocrx_word' id='word_1_65' title='bbox 737 1213 897 1290; x_wconf 76' lang='lat' dir='ltr'><strong>doctiloqui</strong></span> <span class='ocrx_word' id='word_1_66' title='bbox 908 1214 1014 1275; x_wconf 77' lang='lat' dir='ltr'><strong>Leonis</strong></span> <span class='ocrx_word' id='word_1_67' title='bbox 1030 1215 1133 1289; x_wconf 82' lang='lat' dir='ltr'><strong>aedes,</strong></span> 
     </span>
     <span class='ocr_line' id='line_1_10' title="bbox 547 1315 1151 1390; baseline 0.003 -16"><span class='ocrx_word' id='word_1_68' title='bbox 547 1343 550 1350; x_wconf 88' lang='lat'><em>·</em></span> <span class='ocrx_word' id='word_1_69' title='bbox 606 1331 663 1390; x_wconf 83' lang='lat' dir='ltr'><strong>quo</strong></span> <span class='ocrx_word' id='word_1_70' title='bbox 679 1315 722 1376; x_wconf 80' lang='lat' dir='ltr'><strong>tis</strong></span> <span class='ocrx_word' id='word_1_71' title='bbox 736 1333 791 1376; x_wconf 82' lang='lat' dir='ltr'><strong>sen</strong></span> <span class='ocrx_word' id='word_1_72' title='bbox 806 1317 924 1376; x_wconf 73' lang='lat' dir='ltr'><strong>labaim</strong></span> <span class='ocrx_word' id='word_1_73' title='bbox 939 1316 1061 1377; x_wconf 80' lang='lat' dir='ltr'><strong>docente</strong></span> <span class='ocrx_word' id='word_1_74' title='bbox 1076 1319 1151 1379; x_wconf 81' lang='lat' dir='ltr'><strong>iaris</strong></span> 
     </span>
     <span class='ocr_line' id='line_1_11' title="bbox 587 1417 1101 1496; baseline 0.002 -19"><span class='ocrx_word' id='word_1_75' title='bbox 587 1417 589 1422; x_wconf 76' lang='grc'><strong>’</strong></span> <span class='ocrx_word' id='word_1_76' title='bbox 606 1421 684 1479; x_wconf 80' lang='lat' dir='ltr'><strong>ultro</strong></span> <span class='ocrx_word' id='word_1_77' title='bbox 701 1418 844 1478; x_wconf 82' lang='lat' dir='ltr'><strong>Claudius</strong></span> <span class='ocrx_word' id='word_1_78' title='bbox 859 1419 976 1496; x_wconf 81' lang='lat' dir='ltr'><strong>Appius</strong></span> <span class='ocrx_word' id='word_1_79' title='bbox 990 1426 1101 1480; x_wconf 81' lang='lat' dir='ltr'><strong>taceret</strong></span> 
     </span>
     <span class='ocr_line' id='line_1_12' title="bbox 569 1519 1127 1584; baseline 0 -4"><span class='ocrx_word' id='word_1_80' title='bbox 569 1538 572 1543; x_wconf 91' lang='lat'>·</span> <span class='ocrx_word' id='word_1_81' title='bbox 604 1523 690 1581; x_wconf 84' lang='lat' dir='ltr'><strong>eluro</strong></span> <span class='ocrx_word' id='word_1_82' title='bbox 705 1519 858 1581; x_wconf 79' lang='lat' dir='ltr'><strong>obscurior</strong></span> <span class='ocrx_word' id='word_1_83' title='bbox 872 1524 903 1581; x_wconf 83' lang='lat' dir='ltr'><strong>in</strong></span> <span class='ocrx_word' id='word_1_84' title='bbox 918 1523 1127 1584; x_wconf 82' lang='lat' dir='ltr'><strong>decemviratu.</strong></span> 
     </span>
    </p>
   </div>
   <div class='ocr_carea' id='block_1_4' title="bbox 316 1667 1538 1860">
    <p class='ocr_par' dir='ltr' id='par_1_4' title="bbox 316 1667 1538 1860">
     <span class='ocr_line' id='line_1_13' title="bbox 334 1667 1466 1760; baseline 0.004 -26"><span class='ocrx_word' id='word_1_85' title='bbox 334 1675 336 1680; x_wconf 84' lang='lat'>&#39;</span> <span class='ocrx_word' id='word_1_86' title='bbox 401 1670 610 1756; x_wconf 78' lang='lat' dir='ltr'><strong>Quamquam</strong></span> <span class='ocrx_word' id='word_1_87' title='bbox 625 1671 721 1757; x_wconf 91' lang='lat' dir='ltr'><strong>quale</strong></span> <span class='ocrx_word' id='word_1_88' title='bbox 736 1669 946 1760; x_wconf 85' lang='lat' dir='ltr'><strong>potissimum</strong></span> <span class='ocrx_word' id='word_1_89' title='bbox 961 1670 1062 1736; x_wconf 85' lang='lat' dir='ltr'><strong>fuerit</strong></span> <span class='ocrx_word' id='word_1_90' title='bbox 1076 1670 1138 1735; x_wconf 93' lang='lat' dir='ltr'><strong>hoc</strong></span> <span class='ocrx_word' id='word_1_91' title='bbox 1153 1667 1316 1754; x_wconf 86' lang='lat' dir='ltr'><strong>studium,</strong></span> <span class='ocrx_word' id='word_1_92' title='bbox 1333 1693 1375 1738; x_wconf 79' lang='lat' dir='ltr'><strong>ex</strong></span> <span class='ocrx_word' id='word_1_93' title='bbox 1390 1673 1466 1739; x_wconf 90' lang='lat' dir='ltr'><strong>istis</strong></span> 
     </span>
     <span class='ocr_line' id='line_1_14' title="bbox 316 1769 1538 1860; baseline 0.002 -22"><span class='ocrx_word' id='word_1_94' title='bbox 316 1772 492 1838; x_wconf 83' lang='lat' dir='ltr'><strong>verborum</strong></span> <span class='ocrx_word' id='word_1_95' title='bbox 506 1772 690 1839; x_wconf 90' lang='lat' dir='ltr'><strong>tumoribus</strong></span> <span class='ocrx_word' id='word_1_96' title='bbox 706 1794 823 1860; x_wconf 87' lang='lat' dir='ltr'><strong>parum</strong></span> <span class='ocrx_word' id='word_1_97' title='bbox 838 1795 1047 1858; x_wconf 84' lang='lat' dir='ltr'><strong>auguramur.</strong></span> <span class='ocrx_word' id='word_1_98' title='bbox 1077 1773 1199 1836; x_wconf 87' lang='lat' dir='ltr'><strong>Verum</strong></span> <span class='ocrx_word' id='word_1_99' title='bbox 1213 1769 1276 1836; x_wconf 92' lang='lat' dir='ltr'><strong>hoc</strong></span> <span class='ocrx_word' id='word_1_100' title='bbox 1290 1773 1325 1836; x_wconf 92' lang='lat' dir='ltr'><strong>in</strong></span> <span class='ocrx_word' id='word_1_101' title='bbox 1339 1776 1464 1840; x_wconf 89' lang='lat' dir='ltr'><strong>veteris</strong></span> <span class='ocrx_word' id='word_1_102' title='bbox 1530 1825 1538 1840; x_wconf 75' lang='lat'>.</span> 
     </span>
    </p>
   </div>
   <div class='ocr_carea' id='block_1_5' title="bbox 316 1871 1567 1970">
    <p class='ocr_par' dir='ltr' id='par_1_5' title="bbox 316 1871 1567 1970">
     <span class='ocr_line' id='line_1_15' title="bbox 316 1871 1567 1970; baseline 0.003 -31"><span class='ocrx_word' id='word_1_103' title='bbox 316 1875 390 1941; x_wconf 87' lang='lat' dir='ltr'><strong>aevi</strong></span> <span class='ocrx_word' id='word_1_104' title='bbox 407 1875 504 1944; x_wconf 84' lang='lat' dir='ltr'><strong>exitu</strong></span> <span class='ocrx_word' id='word_1_105' title='bbox 523 1875 599 1941; x_wconf 88' lang='lat' dir='ltr'><strong>iam</strong></span> <span class='ocrx_word' id='word_1_106' title='bbox 611 1884 793 1944; x_wconf 87' lang='lat' dir='ltr'><strong>extremum</strong></span> <span class='ocrx_word' id='word_1_107' title='bbox 814 1875 991 1961; x_wconf 80' lang='lat' dir='ltr'><strong>vestigium</strong></span> <span class='ocrx_word' id='word_1_108' title='bbox 1011 1884 1149 1962; x_wconf 88' lang='lat' dir='ltr'><strong>apparet</strong></span> <span class='ocrx_word' id='word_1_109' title='bbox 1170 1873 1253 1958; x_wconf 84' lang='lat' dir='ltr'><strong>legis</strong></span> <span class='ocrx_word' id='word_1_110' title='bbox 1279 1871 1476 1955; x_wconf 57' lang='lat' dir='ltr'><strong>adhibitae„</strong></span> <span class='ocrx_word' id='word_1_111' title='bbox 1565 1965 1567 1970; x_wconf 17' lang='grc' dir='ltr'>ι</span> 
     </span>
    </p>
   </div>
   <div class='ocr_carea' id='block_1_6' title="bbox 308 1965 1482 3297">
    <p class='ocr_par' dir='ltr' id='par_1_6' title="bbox 308 1965 1482 3297">
     <span class='ocr_line' id='line_1_16' title="bbox 315 1965 1463 2066; baseline 0.003 -26"><span class='ocrx_word' id='word_1_112' title='bbox 315 1976 369 2042; x_wconf 86' lang='lat' dir='ltr'><strong>Ex</strong></span> <span class='ocrx_word' id='word_1_113' title='bbox 389 1975 449 2042; x_wconf 92' lang='lat' dir='ltr'><strong>hoc</strong></span> <span class='ocrx_word' id='word_1_114' title='bbox 471 1977 558 2045; x_wconf 88' lang='lat' dir='ltr'><strong>enim</strong></span> <span class='ocrx_word' id='word_1_115' title='bbox 578 1965 723 2066; x_wconf 85' lang='lat' dir='ltr'><strong>tempore</strong></span> <span class='ocrx_word' id='word_1_116' title='bbox 744 1976 810 2043; x_wconf 86' lang='lat' dir='ltr'><strong>alto</strong></span> <span class='ocrx_word' id='word_1_117' title='bbox 831 1977 960 2043; x_wconf 91' lang='lat' dir='ltr'><strong>silentio</strong></span> <span class='ocrx_word' id='word_1_118' title='bbox 982 1977 1120 2064; x_wconf 86' lang='lat' dir='ltr'><strong>tegitur,</strong></span> <span class='ocrx_word' id='word_1_119' title='bbox 1147 1986 1180 2042; x_wconf 91' lang='lat' dir='ltr'><strong>et</strong></span> <span class='ocrx_word' id='word_1_120' title='bbox 1205 1977 1249 2043; x_wconf 93' lang='lat' dir='ltr'><strong>ab</strong></span> <span class='ocrx_word' id='word_1_121' title='bbox 1274 1977 1463 2045; x_wconf 85' lang='lat' dir='ltr'><strong>&#39;rhetoribus</strong></span> 
     </span>
     <span class='ocr_line' id='line_1_17' title="bbox 314 2072 1463 2168; baseline 0.003 -25"><span class='ocrx_word' id='word_1_122' title='bbox 314 2081 605 2168; x_wconf 86' lang='lat' dir='ltr'><strong>grammaticisque</strong></span> <span class='ocrx_word' id='word_1_123' title='bbox 619 2091 653 2146; x_wconf 89' lang='lat' dir='ltr'><strong>et</strong></span> <span class='ocrx_word' id='word_1_124' title='bbox 668 2103 688 2146; x_wconf 91' lang='lat' dir='ltr'><strong>a</strong></span> <span class='ocrx_word' id='word_1_125' title='bbox 702 2072 883 2168; x_wconf 84' lang='lat' dir='ltr'><strong>palristicis</strong></span> <span class='ocrx_word' id='word_1_126' title='bbox 900 2080 1133 2168; x_wconf 84' lang='lat' dir='ltr'><strong>scriptoribus,</strong></span> <span class='ocrx_word' id='word_1_127' title='bbox 1155 2078 1244 2166; x_wconf 87' lang='lat' dir='ltr'><strong>apud</strong></span> <span class='ocrx_word' id='word_1_128' title='bbox 1260 2103 1342 2166; x_wconf 92' lang='lat' dir='ltr'><strong>qnos</strong></span> <span class='ocrx_word' id='word_1_129' title='bbox 1358 2104 1463 2168; x_wconf 90' lang='lat' dir='ltr'><strong>usque</strong></span> 
     </span>
     <span class='ocr_line' id='line_1_18' title="bbox 315 2181 1482 2271; baseline 0 -23"><span class='ocrx_word' id='word_1_130' title='bbox 315 2181 398 2248; x_wconf 89' lang='lat' dir='ltr'><strong>adeo</strong></span> <span class='ocrx_word' id='word_1_131' title='bbox 414 2182 625 2270; x_wconf 81' lang='lat' dir='ltr'><strong>quantumvis</strong></span> <span class='ocrx_word' id='word_1_132' title='bbox 647 2205 723 2248; x_wconf 86' lang='lat' dir='ltr'><strong>rara</strong></span> <span class='ocrx_word' id='word_1_133' title='bbox 744 2183 899 2249; x_wconf 84' lang='lat' dir='ltr'><strong>exstabat</strong></span> <span class='ocrx_word' id='word_1_134' title='bbox 919 2181 990 2247; x_wconf 95' lang='lat' dir='ltr'><strong>XII</strong></span> <span class='ocrx_word' id='word_1_135' title='bbox 1010 2181 1200 2248; x_wconf 86' lang='lat' dir='ltr'><strong>tabularum</strong></span> <span class='ocrx_word' id='word_1_136' title='bbox 1220 2184 1358 2265; x_wconf 85' lang='lat' dir='ltr'><strong>mentio,</strong></span> <span class='ocrx_word' id='word_1_137' title='bbox 1385 2195 1482 2271; x_wconf 92' lang='lat' dir='ltr'><strong>post·</strong></span> 
     </span>
     <span class='ocr_line' id='line_1_19' title="bbox 313 2283 1462 2372; baseline 0.001 -22"><span class='ocrx_word' id='word_1_138' title='bbox 313 2283 538 2371; x_wconf 84' lang='lat' dir='ltr'><strong>Augustinum</strong></span> <span class='ocrx_word' id='word_1_139' title='bbox 550 2295 584 2351; x_wconf 88' lang='lat' dir='ltr'><strong>et</strong></span> <span class='ocrx_word' id='word_1_140' title='bbox 596 2285 787 2353; x_wconf 85' lang='lat' dir='ltr'><strong>Salviannm</strong></span> <span class='ocrx_word' id='word_1_141' title='bbox 797 2308 933 2372; x_wconf 90' lang='lat' dir='ltr'><strong>prorsus</strong></span> <span class='ocrx_word' id='word_1_142' title='bbox 950 2283 1122 2350; x_wconf 84' lang='lat' dir='ltr'><strong>derelicta:</strong></span> <span class='ocrx_word' id='word_1_143' title='bbox 1138 2307 1212 2350; x_wconf 93' lang='lat' dir='ltr'><strong>cum</strong></span> <span class='ocrx_word' id='word_1_144' title='bbox 1227 2286 1356 2371; x_wconf 90' lang='lat' dir='ltr'><strong>quaein</strong></span> <span class='ocrx_word' id='word_1_145' title='bbox 1367 2285 1462 2352; x_wconf 75' lang='lat' dir='ltr'><strong>loto-</strong></span> 
     </span>
     <span class='ocr_line' id='line_1_20' title="bbox 312 2386 1461 2476; baseline 0 -24"><span class='ocrx_word' id='word_1_146' title='bbox 312 2409 385 2452; x_wconf 90' lang='lat' dir='ltr'><strong>rum</strong></span> <span class='ocrx_word' id='word_1_147' title='bbox 399 2398 551 2454; x_wconf 86' lang='lat' dir='ltr'><strong>veterum</strong></span> <span class='ocrx_word' id='word_1_148' title='bbox 566 2387 698 2476; x_wconf 88' lang='lat' dir='ltr'><strong>scriptis</strong></span> <span class='ocrx_word' id='word_1_149' title='bbox 721 2409 839 2475; x_wconf 89' lang='lat' dir='ltr'><strong>sparsa</strong></span> <span class='ocrx_word' id='word_1_150' title='bbox 858 2386 1275 2470; x_wconf 40' lang='lat' dir='ltr'><strong>ferebantur-testimonia,</strong></span> <span class='ocrx_word' id='word_1_151' title='bbox 1302 2387 1397 2475; x_wconf 90' lang='lat' dir='ltr'><strong>quasi</strong></span> <span class='ocrx_word' id='word_1_152' title='bbox 1418 2410 1461 2452; x_wconf 86' lang='lat' dir='ltr'><strong>ex</strong></span> 
     </span>
     <span class='ocr_line' id='line_1_21' title="bbox 311 2486 1460 2577; baseline -0.002 -21"><span class='ocrx_word' id='word_1_153' title='bbox 311 2491 395 2576; x_wconf 89' lang='lat' dir='ltr'><strong>legis</strong></span> <span class='ocrx_word' id='word_1_154' title='bbox 411 2490 585 2576; x_wconf 85' lang='lat' dir='ltr'><strong>naufragio</strong></span> <span class='ocrx_word' id='word_1_155' title='bbox 601 2490 637 2554; x_wconf 93' lang='lat' dir='ltr'><strong>in</strong></span> <span class='ocrx_word' id='word_1_156' title='bbox 651 2488 719 2556; x_wconf 85' lang='lat' dir='ltr'><strong>alto</strong></span> <span class='ocrx_word' id='word_1_157' title='bbox 736 2490 883 2556; x_wconf 87' lang='lat' dir='ltr'><strong>errantia</strong></span> <span class='ocrx_word' id='word_1_158' title='bbox 898 2489 1120 2556; x_wconf 87' lang='lat' dir='ltr'><strong>Iustiniancae</strong></span> <span class='ocrx_word' id='word_1_159' title='bbox 1131 2486 1373 2577; x_wconf 87' lang='lat' dir='ltr'><strong>compilationis</strong></span> <span class='ocrx_word' id='word_1_160' title='bbox 1385 2511 1460 2577; x_wconf 87' lang='lat' dir='ltr'><strong>por-</strong></span> 
     </span>
     <span class='ocr_line' id='line_1_22' title="bbox 311 2586 1461 2680; baseline -0.003 -20"><span class='ocrx_word' id='word_1_161' title='bbox 311 2601 347 2660; x_wconf 85' lang='lat' dir='ltr'><strong>tu</strong></span> <span class='ocrx_word' id='word_1_162' title='bbox 367 2586 510 2680; x_wconf 85' lang='lat' dir='ltr'><strong>excepta</strong></span> <span class='ocrx_word' id='word_1_163' title='bbox 526 2604 617 2675; x_wconf 90' lang='lat' dir='ltr'><strong>sunt,</strong></span> <span class='ocrx_word' id='word_1_164' title='bbox 644 2593 702 2659; x_wconf 92' lang='lat' dir='ltr'><strong>ubi</strong></span> <span class='ocrx_word' id='word_1_165' title='bbox 722 2593 1003 2680; x_wconf 86' lang='lat' dir='ltr'><strong>conquiescerent.</strong></span> <span class='ocrx_word' id='word_1_166' title='bbox 1039 2593 1169 2679; x_wconf 85' lang='lat' dir='ltr'><strong>Scripta</strong></span> <span class='ocrx_word' id='word_1_167' title='bbox 1184 2601 1292 2658; x_wconf 87' lang='lat' dir='ltr'><strong>autem</strong></span> <span class='ocrx_word' id='word_1_168' title='bbox 1308 2594 1461 2680; x_wconf 88' lang='lat' dir='ltr'><strong>exempla</strong></span> 
     </span>
     <span class='ocr_line' id='line_1_23' title="bbox 313 2695 1460 2782; baseline 0 -22"><span class='ocrx_word' id='word_1_169' title='bbox 313 2695 439 2760; x_wconf 90' lang='lat' dir='ltr'><strong>dudum</strong></span> <span class='ocrx_word' id='word_1_170' title='bbox 453 2695 689 2762; x_wconf 88' lang='lat' dir='ltr'><strong>interciderant</strong></span> <span class='ocrx_word' id='word_1_171' title='bbox 703 2696 829 2778; x_wconf 88' lang='lat' dir='ltr'><strong>omnia,</strong></span> <span class='ocrx_word' id='word_1_172' title='bbox 856 2719 916 2762; x_wconf 89' lang='lat' dir='ltr'><strong>nec</strong></span> <span class='ocrx_word' id='word_1_173' title='bbox 935 2697 1041 2782; x_wconf 86' lang='lat' dir='ltr'><strong>magis</strong></span> <span class='ocrx_word' id='word_1_174' title='bbox 1063 2719 1106 2761; x_wconf 85' lang='lat' dir='ltr'><strong>ex</strong></span> <span class='ocrx_word' id='word_1_175' title='bbox 1126 2695 1368 2773; x_wconf 87' lang='lat' dir='ltr'><strong>commentariis</strong></span> <span class='ocrx_word' id='word_1_176' title='bbox 1389 2705 1460 2760; x_wconf 90' lang='lat' dir='ltr'><strong>tum</strong></span> 
     </span>
     <span class='ocr_line' id='line_1_24' title="bbox 309 2795 1460 2885; baseline 0 -23"><span class='ocrx_word' id='word_1_177' title='bbox 309 2808 442 2885; x_wconf 86' lang='lat' dir='ltr'><strong>praeter</strong></span> <span class='ocrx_word' id='word_1_178' title='bbox 456 2798 622 2864; x_wconf 80' lang='lat' dir='ltr'><strong>Gaianum</strong></span> <span class='ocrx_word' id='word_1_179' title='bbox 640 2795 727 2863; x_wconf 91' lang='lat' dir='ltr'><strong>ullus</strong></span> <span class='ocrx_word' id='word_1_180' title='bbox 743 2797 877 2864; x_wconf 83' lang='lat' dir='ltr'><strong>videtur</strong></span> <span class='ocrx_word' id='word_1_181' title='bbox 896 2799 1024 2884; x_wconf 85' lang='lat' dir='ltr'><strong>integer</strong></span> <span class='ocrx_word' id='word_1_182' title='bbox 1045 2807 1210 2885; x_wconf 88' lang='lat' dir='ltr'><strong>superstes</strong></span> <span class='ocrx_word' id='word_1_183' title='bbox 1226 2797 1340 2862; x_wconf 84' lang='lat' dir='ltr'><strong>fuisse.</strong></span> <span class='ocrx_word' id='word_1_184' title='bbox 1370 2798 1460 2862; x_wconf 89' lang='lat' dir='ltr'><strong>Hinc</strong></span> 
     </span>
     <span class='ocr_line' id='line_1_25' title="bbox 309 2897 1458 2988; baseline 0.001 -24"><span class='ocrx_word' id='word_1_185' title='bbox 309 2899 352 2965; x_wconf 92' lang='lat' dir='ltr'><strong>de</strong></span> <span class='ocrx_word' id='word_1_186' title='bbox 372 2921 485 2967; x_wconf 90' lang='lat' dir='ltr'><strong>eorum</strong></span> <span class='ocrx_word' id='word_1_187' title='bbox 499 2900 565 2966; x_wconf 91' lang='lat' dir='ltr'><strong>fide</strong></span> <span class='ocrx_word' id='word_1_188' title='bbox 579 2899 792 2965; x_wconf 90' lang='lat' dir='ltr'><strong>iudicandum</strong></span> <span class='ocrx_word' id='word_1_189' title='bbox 808 2910 873 2984; x_wconf 85' lang='lat' dir='ltr'><strong>est,</strong></span> <span class='ocrx_word' id='word_1_190' title='bbox 900 2923 984 2988; x_wconf 90' lang='lat' dir='ltr'><strong>quae</strong></span> <span class='ocrx_word' id='word_1_191' title='bbox 999 2924 1020 2967; x_wconf 88' lang='lat' dir='ltr'><strong>a</strong></span> <span class='ocrx_word' id='word_1_192' title='bbox 1038 2897 1237 2988; x_wconf 85' lang='lat' dir='ltr'><strong>quibusdam</strong></span> <span class='ocrx_word' id='word_1_193' title='bbox 1252 2898 1293 2964; x_wconf 90' lang='lat' dir='ltr'><strong>de</strong></span> <span class='ocrx_word' id='word_1_194' title='bbox 1308 2901 1458 2966; x_wconf 88' lang='lat' dir='ltr'><strong>tractatis</strong></span> 
     </span>
     <span class='ocr_line' id='line_1_26' title="bbox 309 3002 1458 3090; baseline 0 -22"><span class='ocrx_word' id='word_1_195' title='bbox 309 3003 409 3068; x_wconf 90' lang='lat' dir='ltr'><strong>etiam</strong></span> <span class='ocrx_word' id='word_1_196' title='bbox 424 3005 533 3070; x_wconf 90' lang='lat' dir='ltr'><strong>medio</strong></span> <span class='ocrx_word' id='word_1_197' title='bbox 549 3026 631 3072; x_wconf 84' lang='lat' dir='ltr'><strong>aevo</strong></span> <span class='ocrx_word' id='word_1_198' title='bbox 647 3002 720 3068; x_wconf 94' lang='lat' dir='ltr'><strong>XII</strong></span> <span class='ocrx_word' id='word_1_199' title='bbox 734 3002 856 3070; x_wconf 89' lang='lat' dir='ltr'><strong>tabulis</strong></span> <span class='ocrx_word' id='word_1_200' title='bbox 879 3026 921 3070; x_wconf 87' lang='lat' dir='ltr'><strong>ex</strong></span> <span class='ocrx_word' id='word_1_201' title='bbox 942 3026 1029 3070; x_wconf 89' lang='lat' dir='ltr'><strong>vana</strong></span> <span class='ocrx_word' id='word_1_202' title='bbox 1049 3002 1215 3070; x_wconf 89' lang='lat' dir='ltr'><strong>auditione</strong></span> <span class='ocrx_word' id='word_1_203' title='bbox 1236 3002 1342 3088; x_wconf 87' lang='lat' dir='ltr'><strong>magis</strong></span> <span class='ocrx_word' id='word_1_204' title='bbox 1359 3025 1458 3090; x_wconf 90' lang='lat' dir='ltr'><strong>quam</strong></span> 
     </span>
     <span class='ocr_line' id='line_1_27' title="bbox 309 3104 1458 3198; baseline 0.001 -29"><span class='ocrx_word' id='word_1_205' title='bbox 309 3127 351 3169; x_wconf 86' lang='lat' dir='ltr'><strong>ex</strong></span> <span class='ocrx_word' id='word_1_206' title='bbox 371 3104 515 3198; x_wconf 89' lang='lat' dir='ltr'><strong>limpidis</strong></span> <span class='ocrx_word' id='word_1_207' title='bbox 537 3106 685 3174; x_wconf 84' lang='lat' dir='ltr'><strong>fontibus</strong></span> <span class='ocrx_word' id='word_1_208' title='bbox 707 3106 827 3174; x_wconf 90' lang='lat' dir='ltr'><strong>hausta</strong></span> <span class='ocrx_word' id='word_1_209' title='bbox 846 3106 1031 3172; x_wconf 86' lang='lat' dir='ltr'><strong>traduntur.</strong></span> <span class='ocrx_word' id='word_1_210' title='bbox 1063 3104 1192 3171; x_wconf 90' lang='lat' dir='ltr'><strong>Nullius</strong></span> <span class='ocrx_word' id='word_1_211' title='bbox 1209 3104 1297 3168; x_wconf 90' lang='lat' dir='ltr'><strong>enim</strong></span> <span class='ocrx_word' id='word_1_212' title='bbox 1312 3127 1390 3170; x_wconf 89' lang='lat' dir='ltr'><strong>usus</strong></span> <span class='ocrx_word' id='word_1_213' title='bbox 1407 3114 1458 3170; x_wconf 86' lang='lat' dir='ltr'><strong>est</strong></span> 
     </span>
     <span class='ocr_line' id='line_1_28' title="bbox 308 3207 1457 3297; baseline -0.003 -20"><span class='ocrx_word' id='word_1_214' title='bbox 308 3207 397 3293; x_wconf 88' lang='lat' dir='ltr'><strong>quod</strong></span> <span class='ocrx_word' id='word_1_215' title='bbox 421 3209 540 3277; x_wconf 85' lang='lat' dir='ltr'><strong>Petrus</strong></span> <span class='ocrx_word' id='word_1_216' title='bbox 568 3209 609 3276; x_wconf 89' lang='lat' dir='ltr'><strong>de</strong></span> <span class='ocrx_word' id='word_1_217' title='bbox 635 3211 769 3279; x_wconf 79' lang='lat' dir='ltr'><strong>Graion</strong></span> <span class='ocrx_word' id='word_1_218' title='bbox 798 3208 947 3297; x_wconf 85' lang='lat' dir='ltr'><strong>quidam,</strong></span> <span class='ocrx_word' id='word_1_219' title='bbox 978 3211 1156 3276; x_wconf 89' lang='lat' dir='ltr'><strong>monachus</strong></span> <span class='ocrx_word' id='word_1_220' title='bbox 1177 3207 1346 3295; x_wconf 89' lang='lat' dir='ltr'><strong>Hispanus</strong></span> <span class='ocrx_word' id='word_1_221' title='bbox 1368 3209 1457 3274; x_wconf 87' lang='lat' dir='ltr'><strong>circa</strong></span> 
     </span>
    </p>
   </div>
   <div class='ocr_carea' id='block_1_7' title="bbox 321 3381 514 3395">
    <p class='ocr_par' dir='ltr' id='par_1_7' title="bbox 321 3381 514 3395">
     <span class='ocr_line' id='line_1_29' title="bbox 321 3381 514 3395; baseline 0.016 -4"><span class='ocrx_word' id='word_1_222' title='bbox 321 3381 514 3395; x_wconf 70' lang='lat'><strong>——--</strong></span> 
     </span>
    </p>
   </div>
   <div class='ocr_carea' id='block_1_8' title="bbox 298 3471 1485 3656">
    <p class='ocr_par' dir='ltr' id='par_1_8' title="bbox 298 3471 1485 3656">
     <span class='ocr_line' id='line_1_30' title="bbox 298 3471 1485 3569; baseline -0.002 -15"><span class='ocrx_word' id='word_1_223' title='bbox 298 3549 301 3554; x_wconf 93' lang='lat'>.</span> <span class='ocrx_word' id='word_1_224' title='bbox 377 3498 396 3564; x_wconf 86' lang='lat'><strong>¹)</strong></span> <span class='ocrx_word' id='word_1_225' title='bbox 415 3501 503 3564; x_wconf 80' lang='lat' dir='ltr'><strong>Quem</strong></span> <span class='ocrx_word' id='word_1_226' title='bbox 521 3501 594 3566; x_wconf 89' lang='lat' dir='ltr'><strong>quod</strong></span> <span class='ocrx_word' id='word_1_227' title='bbox 610 3502 694 3569; x_wconf 81' lang='lat' dir='ltr'><strong>vulgo</strong></span> <span class='ocrx_word' id='word_1_228' title='bbox 717 3471 833 3554; x_wconf 85' lang='lat' dir='ltr'><strong>eundem</strong></span> <span class='ocrx_word' id='word_1_229' title='bbox 855 3505 957 3568; x_wconf 87' lang='lat' dir='ltr'><strong>putant</strong></span> <span class='ocrx_word' id='word_1_230' title='bbox 980 3517 1041 3554; x_wconf 86' lang='lat' dir='ltr'><strong>esse</strong></span> <span class='ocrx_word' id='word_1_231' title='bbox 1065 3507 1149 3566; x_wconf 84' lang='lat' dir='ltr'><strong>atque</strong></span> <span class='ocrx_word' id='word_1_232' title='bbox 1168 3502 1291 3555; x_wconf 85' lang='lat' dir='ltr'><strong>Leonem</strong></span> <span class='ocrx_word' id='word_1_233' title='bbox 1308 3501 1404 3553; x_wconf 85' lang='lat' dir='ltr'><strong>Euriei</strong></span> <span class='ocrx_word' id='word_1_234' title='bbox 1426 3506 1456 3553; x_wconf 87' lang='lat' dir='ltr'><strong>et</strong></span> <span class='ocrx_word' id='word_1_235' title='bbox 1483 3485 1485 3488; x_wconf 34' lang='lat'>¹</span> 
     </span>
     <span class='ocr_line' id='line_1_31' title="bbox 306 3583 1454 3656; baseline 0.003 -22"><span class='ocrx_word' id='word_1_236' title='bbox 306 3583 414 3637; x_wconf 80' lang='lat' dir='ltr'><strong>Alarici</strong></span> <span class='ocrx_word' id='word_1_237' title='bbox 431 3585 582 3640; x_wconf 76' lang='lat' dir='ltr'><strong>Gothorum</strong></span> <span class='ocrx_word' id='word_1_238' title='bbox 604 3604 698 3656; x_wconf 80' lang='lat' dir='ltr'><strong>regum</strong></span> <span class='ocrx_word' id='word_1_239' title='bbox 722 3587 911 3640; x_wconf 84' lang='lat' dir='ltr'><strong>consiliarium</strong></span> <span class='ocrx_word' id='word_1_240' title='bbox 935 3585 988 3652; x_wconf 83' lang='lat' dir='ltr'><strong>(cf.</strong></span> <span class='ocrx_word' id='word_1_241' title='bbox 1008 3587 1161 3654; x_wconf 85' lang='lat' dir='ltr'><strong>Gregorius·</strong></span> <span class='ocrx_word' id='word_1_242' title='bbox 1175 3587 1273 3639; x_wconf 88' lang='lat' dir='ltr'><strong>Mirac.</strong></span> <span class='ocrx_word' id='word_1_243' title='bbox 1298 3588 1311 3639; x_wconf 96' lang='lat' dir='ltr'>I</span> <span class='ocrx_word' id='word_1_244' title='bbox 1334 3585 1398 3654; x_wconf 82' lang='lat'>92),</span> <span class='ocrx_word' id='word_1_245' title='bbox 1419 3585 1454 3638; x_wconf 87' lang='lat' dir='ltr'><strong>ad</strong></span> 
     </span>
    </p>
   </div>
   <div class='ocr_carea' id='block_1_9' title="bbox 198 3671 1454 3740">
    <p class='ocr_par' dir='ltr' id='par_1_9' title="bbox 198 3671 1454 3740">
     <span class='ocr_line' id='line_1_32' title="bbox 198 3671 1454 3740; baseline -0.001 -18"><span class='ocrx_word' id='word_1_246' title='bbox 198 3672 202 3678; x_wconf 83' lang='lat'>&#39;</span> <span class='ocrx_word' id='word_1_247' title='bbox 307 3685 389 3734; x_wconf 88' lang='lat' dir='ltr'><strong>quem</strong></span> <span class='ocrx_word' id='word_1_248' title='bbox 408 3671 513 3724; x_wconf 82' lang='lat' dir='ltr'><strong>Sidonii</strong></span> <span class='ocrx_word' id='word_1_249' title='bbox 532 3673 604 3726; x_wconf 91' lang='lat' dir='ltr'><strong>duae</strong></span> <span class='ocrx_word' id='word_1_250' title='bbox 624 3674 763 3740; x_wconf 88' lang='lat' dir='ltr'><strong>epistulae</strong></span> <span class='ocrx_word' id='word_1_251' title='bbox 781 3676 845 3725; x_wconf 90' lang='lat' dir='ltr'><strong>sunt</strong></span> <span class='ocrx_word' id='word_1_252' title='bbox 862 3672 900 3724; x_wconf 94' lang='lat' dir='ltr'><strong>IV</strong></span> <span class='ocrx_word' id='word_1_253' title='bbox 919 3675 951 3723; x_wconf 80' lang='lat'><strong>22</strong></span> <span class='ocrx_word' id='word_1_254' title='bbox 971 3676 999 3724; x_wconf 92' lang='lat' dir='ltr'><strong>et</strong></span> <span class='ocrx_word' id='word_1_255' title='bbox 1016 3673 1085 3726; x_wconf 92' lang='lat' dir='ltr'>VIII</span> <span class='ocrx_word' id='word_1_256' title='bbox 1102 3676 1132 3724; x_wconf 87' lang='lat'><strong>3:</strong></span> <span class='ocrx_word' id='word_1_257' title='bbox 1156 3674 1184 3724; x_wconf 87' lang='lat' dir='ltr'><strong>id</strong></span> <span class='ocrx_word' id='word_1_258' title='bbox 1202 3673 1381 3724; x_wconf 81' lang='lat' dir='ltr'><strong>vehementer</strong></span> <span class='ocrx_word' id='word_1_259' title='bbox 1405 3672 1454 3722; x_wconf 90' lang='lat' dir='ltr'><strong>ad·</strong></span> 
     </span>
    </p>
   </div>
   <div class='ocr_carea' id='block_1_10' title="bbox 297 3747 1455 4418">
    <p class='ocr_par' dir='ltr' id='par_1_10' title="bbox 297 3747 1455 4418">
     <span class='ocr_line' id='line_1_33' title="bbox 307 3747 1453 3818; baseline 0 -12"><span class='ocrx_word' id='word_1_260' title='bbox 307 3758 410 3808; x_wconf 87' lang='lat' dir='ltr'><strong>dubito.</strong></span> <span class='ocrx_word' id='word_1_261' title='bbox 446 3759 516 3810; x_wconf 86' lang='lat' dir='ltr'><strong>Nam</strong></span> <span class='ocrx_word' id='word_1_262' title='bbox 540 3760 595 3810; x_wconf 89' lang='lat' dir='ltr'><strong>etsi</strong></span> <span class='ocrx_word' id='word_1_263' title='bbox 613 3759 678 3812; x_wconf 87' lang='lat' dir='ltr'><strong>huic</strong></span> <span class='ocrx_word' id='word_1_264' title='bbox 701 3747 857 3811; x_wconf 81' lang='lat' dir='ltr'><strong>sentenliae</strong></span> <span class='ocrx_word' id='word_1_265' title='bbox 881 3758 952 3808; x_wconf 87' lang='lat' dir='ltr'><strong>bene</strong></span> <span class='ocrx_word' id='word_1_266' title='bbox 977 3760 1125 3818; x_wconf 83' lang='lat' dir='ltr'><strong>convenire</strong></span> <span class='ocrx_word' id='word_1_267' title='bbox 1148 3757 1279 3810; x_wconf 85' lang='lat' dir='ltr'><strong>videntur</strong></span> <span class='ocrx_word' id='word_1_268' title='bbox 1302 3762 1331 3808; x_wconf 87' lang='lat' dir='ltr'><strong>et</strong></span> <span class='ocrx_word' id='word_1_269' title='bbox 1354 3751 1453 3809; x_wconf 88' lang='lat' dir='ltr'><strong>carmi-</strong></span> 
     </span>
     <span class='ocr_line' id='line_1_34' title="bbox 306 3843 1455 3910; baseline 0.003 -19"><span class='ocrx_word' id='word_1_270' title='bbox 306 3856 370 3893; x_wconf 89' lang='lat' dir='ltr'><strong>num</strong></span> <span class='ocrx_word' id='word_1_271' title='bbox 381 3844 486 3896; x_wconf 86' lang='lat' dir='ltr'><strong>Leonis</strong></span> <span class='ocrx_word' id='word_1_272' title='bbox 505 3849 534 3896; x_wconf 92' lang='lat' dir='ltr'><strong>et</strong></span> <span class='ocrx_word' id='word_1_273' title='bbox 550 3844 784 3898; x_wconf 84' lang='lat' dir='ltr'><strong>declamationum</strong></span> <span class='ocrx_word' id='word_1_274' title='bbox 795 3844 893 3896; x_wconf 87' lang='lat' dir='ltr'><strong>laudes</strong></span> <span class='ocrx_word' id='word_1_275' title='bbox 912 3843 949 3895; x_wconf 86' lang='lat' dir='ltr'><strong>cf.</strong></span> <span class='ocrx_word' id='word_1_276' title='bbox 961 3844 1058 3896; x_wconf 79' lang='lat' dir='ltr'><strong>vino</strong></span> <span class='ocrx_word' id='word_1_277' title='bbox 1076 3847 1214 3910; x_wconf 67' lang='lat' dir='ltr'><strong>‘carpende</strong></span> <span class='ocrx_word' id='word_1_278' title='bbox 1229 3846 1375 3910; x_wconf 73' lang='lat' dir='ltr'><strong>perarmati</strong></span> <span class='ocrx_word' id='word_1_279' title='bbox 1390 3845 1455 3894; x_wconf 82' lang='lat' dir='ltr'><strong>illud</strong></span> 
     </span>
     <span class='ocr_line' id='line_1_35' title="bbox 305 3923 1454 3999; baseline 0.001 -20"><span class='ocrx_word' id='word_1_280' title='bbox 305 3945 403 3995; x_wconf 88' lang='lat' dir='ltr'><strong>quoqne</strong></span> <span class='ocrx_word' id='word_1_281' title='bbox 421 3931 608 3982; x_wconf 71' lang='lat' dir='ltr'><strong>celeberrimum</strong></span> <span class='ocrx_word' id='word_1_282' title='bbox 623 3933 714 3996; x_wconf 81' lang='lat' dir='ltr'><strong>flumen</strong></span> <span class='ocrx_word' id='word_1_283' title='bbox 733 3933 802 3999; x_wconf 85' lang='lat' dir='ltr'><strong>qaod</strong></span> <span class='ocrx_word' id='word_1_284' title='bbox 817 3945 867 3982; x_wconf 90' lang='lat' dir='ltr'><strong>non</strong></span> <span class='ocrx_word' id='word_1_285' title='bbox 884 3932 962 3980; x_wconf 81' lang='lat' dir='ltr'><strong>solwn</strong></span> <span class='ocrx_word' id='word_1_286' title='bbox 982 3923 1141 3994; x_wconf 76' lang='lat' dir='ltr'><strong>pentilieian&#39;</strong></span> <span class='ocrx_word' id='word_1_287' title='bbox 1156 3931 1204 3980; x_wconf 85' lang='lat' dir='ltr'><strong>sed</strong></span> <span class='ocrx_word' id='word_1_288' title='bbox 1224 3931 1384 3982; x_wconf 68' lang='lat' dir='ltr'><strong>donaolim</strong></span> <span class='ocrx_word' id='word_1_289' title='bbox 1407 3930 1454 3980; x_wconf 84' lang='lat' dir='ltr'><strong>tibi</strong></span> 
     </span>
     <span class='ocr_line' id='line_1_36' title="bbox 304 4015 1450 4086; baseline 0 -21"><span class='ocrx_word' id='word_1_290' title='bbox 304 4017 421 4082; x_wconf 68' lang='lat' dir='ltr'><strong>pineique</strong></span> <span class='ocrx_word' id='word_1_291' title='bbox 439 4019 466 4066; x_wconf 85' lang='lat' dir='ltr'><strong>ia</strong></span> <span class='ocrx_word' id='word_1_292' title='bbox 484 4025 549 4086; x_wconf 79' lang='lat' dir='ltr'><strong>tuum</strong></span> <span class='ocrx_word' id='word_1_293' title='bbox 563 4024 655 4082; x_wconf 77' lang='lat' dir='ltr'><strong>pectas</strong></span> <span class='ocrx_word' id='word_1_294' title='bbox 669 4033 720 4082; x_wconf 84' lang='lat' dir='ltr'><strong>per</strong></span> <span class='ocrx_word' id='word_1_295' title='bbox 736 4019 871 4068; x_wconf 78' lang='lat' dir='ltr'><strong>succiduas</strong></span> <span class='ocrx_word' id='word_1_296' title='bbox 894 4022 993 4066; x_wconf 77' lang='lat' dir='ltr'><strong>aetates</strong></span> <span class='ocrx_word' id='word_1_297' title='bbox 1016 4015 1048 4066; x_wconf 83' lang='lat' dir='ltr'><strong>ao</strong></span> <span class='ocrx_word' id='word_1_298' title='bbox 1071 4022 1146 4066; x_wconf 85' lang='lat' dir='ltr'><strong>atauo</strong></span> <span class='ocrx_word' id='word_1_299' title='bbox 1164 4015 1296 4068; x_wconf 74' lang='lat' dir='ltr'><strong>Fromone</strong></span> <span class='ocrx_word' id='word_1_300' title='bbox 1318 4017 1450 4080; x_wconf 81' lang='lat' dir='ltr'><strong>transfun-</strong></span> 
     </span>
     <span class='ocr_line' id='line_1_37' title="bbox 297 4095 1452 4170; baseline 0.001 -20"><span class='ocrx_word' id='word_1_301' title='bbox 297 4101 383 4152; x_wconf 76' lang='lat' dir='ltr'><strong>ditnr’</strong></span> <span class='ocrx_word' id='word_1_302' title='bbox 402 4095 522 4169; x_wconf 84' lang='lat' dir='ltr'><strong>itemque</strong></span> <span class='ocrx_word' id='word_1_303' title='bbox 541 4103 650 4170; x_wconf 86' lang='lat' dir='ltr'><strong>antiqui</strong></span> <span class='ocrx_word' id='word_1_304' title='bbox 668 4101 941 4156; x_wconf 84' lang='lat' dir='ltr'><strong>sermonis&#39;stndium</strong></span> <span class='ocrx_word' id='word_1_305' title='bbox 960 4101 1103 4154; x_wconf 89' lang='lat' dir='ltr'><strong>laudatum</strong></span> <span class='ocrx_word' id='word_1_306' title='bbox 1115 4103 1154 4153; x_wconf 92' lang='lat' dir='ltr'><strong>1v</strong></span> <span class='ocrx_word' id='word_1_307' title='bbox 1166 4104 1199 4152; x_wconf 76' lang='lat'><strong>22</strong></span> <span class='ocrx_word' id='word_1_308' title='bbox 1218 4107 1299 4154; x_wconf 86' lang='lat' dir='ltr'><strong>‘nemo</strong></span> <span class='ocrx_word' id='word_1_309' title='bbox 1317 4109 1342 4153; x_wconf 83' lang='lat' dir='ltr'><strong>te</strong></span> <span class='ocrx_word' id='word_1_310' title='bbox 1361 4105 1452 4152; x_wconf 78' lang='lat' dir='ltr'><strong>celsius</strong></span> 
     </span>
     <span class='ocr_line' id='line_1_38' title="bbox 303 4187 1450 4256; baseline 0.001 -21"><span class='ocrx_word' id='word_1_311' title='bbox 303 4189 449 4253; x_wconf 74' lang='lat' dir='ltr'><strong>scripserit,</strong></span> <span class='ocrx_word' id='word_1_312' title='bbox 467 4206 538 4242; x_wconf 87' lang='lat' dir='ltr'><strong>nemo</strong></span> <span class='ocrx_word' id='word_1_313' title='bbox 556 4192 697 4256; x_wconf 81' lang='lat' dir='ltr'><strong>antiquina,</strong></span> <span class='ocrx_word' id='word_1_314' title='bbox 716 4191 815 4241; x_wconf 67' lang='lat' dir='ltr'><strong>edumei</strong></span> <span class='ocrx_word' id='word_1_315' title='bbox 835 4192 938 4255; x_wconf 83' lang='lat' dir='ltr'><strong>placent</strong></span> <span class='ocrx_word' id='word_1_316' title='bbox 954 4191 1069 4242; x_wconf 81' lang='lat' dir='ltr'><strong>recentia</strong></span> <span class='ocrx_word' id='word_1_317' title='bbox 1086 4191 1181 4254; x_wconf 81' lang='lat' dir='ltr'><strong>loqui&#39;:</strong></span> <span class='ocrx_word' id='word_1_318' title='bbox 1200 4192 1293 4238; x_wconf 88' lang='lat' dir='ltr'><strong>tamen</strong></span> <span class='ocrx_word' id='word_1_319' title='bbox 1304 4187 1384 4237; x_wconf 92' lang='lat' dir='ltr'><strong>illum</strong></span> <span class='ocrx_word' id='word_1_320' title='bbox 1392 4188 1450 4236; x_wconf 84' lang='grc' dir='ltr'>,Το-</span> 
     </span>
     <span class='ocr_line' id='line_1_39' title="bbox 303 4269 1450 4343; baseline 0.002 -23"><span class='ocrx_word' id='word_1_321' title='bbox 303 4269 381 4322; x_wconf 81' lang='lat' dir='ltr'><strong>losse</strong></span> <span class='ocrx_word' id='word_1_322' title='bbox 399 4275 427 4324; x_wconf 90' lang='lat' dir='ltr'><strong>in</strong></span> <span class='ocrx_word' id='word_1_323' title='bbox 445 4277 524 4342; x_wconf 83' lang='lat' dir='ltr'><strong>regia</strong></span> <span class='ocrx_word' id='word_1_324' title='bbox 542 4277 619 4343; x_wconf 88' lang='lat' dir='ltr'><strong>ipsa,</strong></span> <span class='ocrx_word' id='word_1_325' title='bbox 638 4291 694 4327; x_wconf 92' lang='lat' dir='ltr'><strong>non</strong></span> <span class='ocrx_word' id='word_1_326' title='bbox 710 4275 840 4328; x_wconf 86' lang='lat' dir='ltr'><strong>Narbone</strong></span> <span class='ocrx_word' id='word_1_327' title='bbox 858 4276 979 4341; x_wconf 84' lang='lat' dir='ltr'><strong>versari,</strong></span> <span class='ocrx_word' id='word_1_328' title='bbox 997 4278 1028 4326; x_wconf 88' lang='lat' dir='ltr'><strong>ut</strong></span> <span class='ocrx_word' id='word_1_329' title='bbox 1046 4273 1178 4338; x_wconf 86' lang='lat' dir='ltr'><strong>decebat,</strong></span> <span class='ocrx_word' id='word_1_330' title='bbox 1197 4274 1238 4327; x_wconf 89' lang='lat' dir='ltr'><strong>ita</strong></span> <span class='ocrx_word' id='word_1_331' title='bbox 1258 4273 1374 4324; x_wconf 81' lang='lat' dir='ltr'><strong>alterins</strong></span> <span class='ocrx_word' id='word_1_332' title='bbox 1392 4273 1450 4339; x_wconf 86' lang='lat' dir='ltr'><strong>epi-</strong></span> 
     </span>
     <span class='ocr_line' id='line_1_40' title="bbox 302 4357 779 4418; baseline 0.013 -12"><span class='ocrx_word' id='word_1_333' title='bbox 302 4357 395 4410; x_wconf 85' lang='lat' dir='ltr'><strong>stulae</strong></span> <span class='ocrx_word' id='word_1_334' title='bbox 412 4361 493 4412; x_wconf 87' lang='lat' dir='ltr'><strong>initio</strong></span> <span class='ocrx_word' id='word_1_335' title='bbox 511 4361 613 4414; x_wconf 86' lang='lat' dir='ltr'><strong>diserte</strong></span> <span class='ocrx_word' id='word_1_336' title='bbox 630 4361 779 4418; x_wconf 86' lang='lat' dir='ltr'><strong>indicatur.</strong></span> 
     </span>
    </p>
   </div>
   <div class='ocr_carea' id='block_1_11' title="bbox 0 0 1646 4992">
    <p class='ocr_par' dir='ltr' id='par_1_11' title="bbox 0 0 1646 4992">
     <span class='ocr_line' id='line_1_41' title="bbox 0 0 1646 4992; baseline 0 8"><span class='ocrx_word' id='word_1_337' title='bbox 0 0 1646 4992; x_wconf 95' lang='lat' dir='ltr'><strong> </strong></span> 
     </span>
    </p>
   </div>
  </div>
 </body>
</html>
