3282 4992
265 296 307 362 26
588 329 591 334 -
684 281 796 362 carru
818 313 994 362 snrunvu.

267 467 395 553 (Cicero
411 466 501 532 Lael.
518 466 567 550 l).
603 468 674 532 Iam
694 449 777 553 legis
797 467 1105 552 interpretationem·
1119 466 1219 531 Acilii
1240 467 1411 552 probabile

265 579 395 636 estnon
409 567 547 634 multum
563 570 729 662 diversam
744 569 786 635 ab
802 567 889 634 Aelii
904 569 1021 635 fuisse:
1039 568 1133 633 cuius
1146 591 1223 639 ‚eum
1239 567 1410 656 aequalem

265 660 411 758 intellegi
431 673 605 737 coniuncta
617 655 793 757 ‘utriusque
815 681 848 738 et
867 669 956 759 apud
976 671 1194 759 Pomponium
1210 682 1242 737 et
1256 681 1294 738 ut
1309 678 1409 738 ‘vete-

264 795 337 840 rum
351 775 580 862 interpretum’
596 775 685 861 apud
699 774 891 841 Ciceronem
905 774 1025 839 mentio
1041 769 1227 861 persuadet.

328 877 401 940 Iam
412 877 624 943 veteribus
637 876 871 963 interpretibus
883 877 997 942 Oicero
1010 877 1192 964 opponitL.
1203 874 1362 941 Aelium
1371 877 1408 960 ¹),

173 1039 179 1050 ,
266 977 392 1044 scilicet
409 968 1410 1063 StilonemPraeconinu'millumLanuvinumgrammaticc·

264 1103 336 1146 rum
352 1075 534 1146 studiorum
550 1089 735 1164 auctorem,
758 1105 855 1170 quem
875 1083 1035 1164 novimus
1047 1081 1091 1146 ad
1112 1079 1322 1167 disciplinam
1336 1103 1410 1168 pro·

264 1183 449 1248 vehendam
471 1183 700 1270 antiquissima
720 1183 852 1270 linguae
872 1193 1083 1250 monumenta
1104 1183 1347 1250 commentariis
1363 1185 1410 1249 in·

264 1285 438 1350 struxisse.
476 1284 578 1351 Cuius
601 1309 643 1350 ex
663 1287 933 1374 interpretatione
950 1285 1031 1370 legis
1046 1294 1177 1372 praeter
1193 1285 1339 1351 ‘lassum’
1356 1309 1410 1351 ex·

214 1422 225 1442 ·
263 1386 423 1473 plicatum
434 1387 553 1452 hausta
564 1397 614 1453 est
625 1388 717 1454 Festi
729 1389 839 1474 glossa
850 1387 893 1453 ad
905 1390 1080 1455 tsonticum
1092 1388 1254 1455 morbum’
1267 1410 1299 1474 p.
1307 1387 1410 1474 2903)
1450 1414 1454 1426 ¹

264 1479 368 1576 Atqui
384 1489 423 1554 de
440 1490 509 1554 eius
525 1491 652 1556 ratione
668 1501 701 1580 et
715 1491 825 1557 indole
847 1491 876 1554 si
896 1479 1100 1579 quaerimus,
1126 1491 1161 1555 in
1180 1491 1411 1576 gravissimam

265 1593 522 1657 controversiam
543 1613 581 1658 ac
601 1593 817 1660 multifariam
837 1601 992 1666 vexatam
1012 1593 1186 1659 incidimus
1203 1615 1287 1681 quae
1303 1600 1353 1657 est
1368 1592 1410 1663 dc

262 1691 366 1758 Aeliis
376 1679 650 1765 internoscendis.
680 1694 765 1759 Nam
787 1718 861 1761 cum
881 1703 1013 1782 praeter
1033 1694 1066 1760 S.
1084 1694 1215 1761 Aelium
1237 1705 1269 1760 et
1291 1695 1329 1759 L.
1346 1697 1409 1760 Ae·

263 1793 343 1860 lium
359 1794 458 1860 etiam
474 1795 510 1862 Ο.
528 1795 616 1862 Aelii
631 1796 722 1862 Galli
742 1799 797 1885 qui
818 1798 950 1884 scripsit
971 1799 1012 1863 de
1033 1798 1275 1882 significatione
1294 1799 1423 1872 verbo·¹

263 1920 336 1962 rum
358 1920 442 1985 quae
463 1898 506 1962 ad
528 1901 579 1965 ius
606 1898 703 1965 civile
727 1901 907 1986 pertinent,
932 1899 1020 1987 apud
1046 1901 1179 1964 Festum
1205 1908 1238 1964 et
1264 1898 1408 1964 Gellium

262 2008 353 2065 extet
367 2001 573 2089 memona³):
592 2025 609 2068 o
624 2001 784 2068 librorum
800 2001 916 2066 similis
933 2003 1232 2089 saepeargumenti
1247 2001 1326 2091 qnid
1343 2003 1410 2069 cui·

265 2143 465 2150 --.-..—----

330 2226 349 2292 ¹)
369 2229 412 2279 ‘Ia
426 2227 535 2278 Aelius'
552 2229 605 2278 isto
624 2226 686 2280 loco
703 2228 826 2278 Turnebi
844 2227 952 2278 demum
971 2226 1163 2279 emendatione
1182 2239 1260 2278 'suum
1278 2228 1409 2280 honorem
1462 2266 1465 2273 .

261 2317 361 2363 nactus
382 2318 436 2378 est,
458 2328 519 2364 cnm
536 2313 566 2363 in
583 2311 662 2378 lib'ris
680 2315 717 2363 sit
735 2312 871 2364 ‘Laelius’
888 2339 923 2350 -
942 2313 1081 2379 frequenti
1104 2299 1229 2364 codicum
1252 2314 1350 2364 mendo
1371 2314 1407 2366 cl.

262 2396 361 2447 Cicero
380 2397 413 2448 de
432 2413 471 2449 or.
489 2399 503 2447 I
521 2399 562 2459 62,
582 2399 639 2450 265.
657 2397 763 2447 Plinius
781 2398 846 2448 XIV
864 2400 896 2448 92
916 2415 960 2446 -z
983 2399 1054 2449 unde
1079 2402 1142 2464 post
1166 2398 1237 2449 alios
1255 2399 1409 2450 Dirksenus

261 2497 368 2547 quoque
385 2499 412 2548 p.
427 2483 470 2545 12,
490 2483 636 2534 Pernicius
655 2481 769 2548 Encycl.
788 2483 853 2533 Hal.
872 2483 926 2533 vol.
940 2485 973 2534 28
992 2501 1018 2549 p.
1029 2486 1096 2548 321,
1116 2482 1238 2534 Wicsius
1257 2483 1290 2534 de
1303 2485 1339 2534 M.
1352 2485 1410 2535 Va·

262 2566 331 2617 lerio
349 2567 484 2618 Messalla
503 2583 529 2632 p.
544 2569 689 2618 tanaceto
708 2582 786 2631 quern
798 2567 925 2618 Laelium
944 2569 973 2616 in
985 2569 1040 2618 XII
1052 2569 1130 2621 tabb.
1147 2569 1348 2634 interpretibus
1367 2585 1408 2618 rc-

167 2690 169 2696 .
261 2652 361 2704 ierunt.
397 2651 564 2702 Nec'tenuit
581 2652 633 2702 hoc
651 2653 697 2717 qui
715 2667 859 2717 perperam
876 2653 909 2702 L.
928 2655 1083 2718 nuncupari
1101 2669 1150 2718 pro
1169 2653 1197 2706 S.
1214 2653 1295 2704 Aelio
1314 2655 1409 2719 opina-

261 2740 305 2786 tus
324 2741 367 2787 est
384 2737 544 2788 Vaassenus
562 2736 651 2790 Anim.
671 2735 705 2787 ad
724 2737 790 2790 fast.
809 2753 834 2802 p.
848 2739 907 2789 223,
936 2737 1106 2789 Rudcrffium
1124 2754 1190 2790 vero
1209 2741 1307 2789 mirum
1326 2755 1409 2806 quan·

261 2828 318 2871 tum
337 2821 409 2870 ratic
427 2821 531 2872 fefellit
550 2837 609 2872 curn
622 2823 655 2875 L.
668 2821 759 2873 Acilio
772 2822 805 2876 L.
818 2821 925 2872 Aelium
939 2823 1154 2875 confundentem
1166 2825 1201 2877 H.
1215 2825 1232 2874 i.
1246 2841 1267 2874 r.
1281 2825 1295 2875 I
1307 2842 1332 2891 p.
1347 2827 1405 2876 261.

262 2906 388 2957 Ceterum
407 2907 440 2958 de
457 2906 532 2957 Aelii
550 2912 645 2958 aetate
664 2911 775 2973 praeter
793 2893 864 2958 alios
883 2907 1024 2958 adeundus
1044 2914 1087 2960 est
1104 2909 1273 2967 Ritschelius
1291 2911 1422 2982 Parerg3

229 3048 233 3056 ,
261 2994 275 3042 I
294 3009 320 3057 p.
340 2994 389 3044 239
408 2993 444 3043 ct.
463 2993 552 3057 praet.
571 2992 638 3044 XXI
657 2993 702 3058 qni
721 3008 783 3044 eum
800 2992 908 3045 Lucilio
932 2978 1008 3046 circa
1032 3011 1056 3046 a.
1075 2994 1135 3047 lou
1155 3000 1219 3045 nato
1242 3011 1297 3046 non
1320 2997 1406 3048 multo

262 3077 394 3128 minorem
413 3077 507 3128 fuisse·
519 3075 635 3145 colligit.

283 3225 287 3228 ᾖ
327 3161 348 3224 ²)
366 3163 436 3214 Nam
454 3163 524 3230 quod
542 3159 691 3216 Lerschius
710 3164 814 3216 Philos.
834 3165 945 3231 linguae
964 3169 1020 3216 vet.
1038 3164 1081 3216 111
1099 3181 1125 3230 p.
1141 3167 1190 3218 146
1203 3181 1242 3231 sq.
1263 3167 1405 3218 contendit

178 3260 181 3264 ·
261 3248 444 3314 probavitque
464 3241 674 3301 Graefenhanio
693 3251 766 3300 Hist.
784 3250 852 3316 phil.
864 3252 894 3302 II
911 3267 936 3316 p.
950 3252 1012 3311 336,
1033 3266 1222 3318 quaecumque
1240 3251 1314 3302 Aelii
1334 3252 1407 3318 glos·

260 3349 309 3384 sae
328 3326 529 3400 etymologicus
544 3336 617 3400 apud
628 3336 779 3386 Varronem
792 3336 907 3386 Festum
921 3335 990 3387 alios
1005 3335 1142 3398 feruntur,
1162 3351 1257 3388 omnes
1277 3353 1310 3388 ex
1330 3337 1407 3389 illius

260 3419 290 3468 in
315 3417 451 3488 Saliorum
475 3421 600 3485 carmina
623 3423 707 3483 atque
729 3420 757 3468 in
775 3420 830 3470 XII
847 3419 958 3471 tabulas
982 3421 1186 3472 commentariis
1210 3422 1309 3474 ductas
1335 3438 1406 3486 esse,

260 3517 371 3568 prorsus
390 3509 467 3554 caret
484 3503 584 3554 idoneo
603 3503 781 3556 fundamento
800 3521 834 3555 ex
852 3506 920 3571 ipsis
939 3499 1082 3560 vocabulis
1101 3507 1237 3572 expeditis
1261 3524 1331 3573 quae
1350 3524 1406 3558 ma·

260 3589 361 3639 rimam
383 3591 490 3654 partem
514 3588 601 3638 alieni
625 3591 781 3656 argumenti
804 3595 868 3640 sunt
890 3591 1050 3656 repetendo,
1091 3592 1128 3641 Et
1156 3592 1351 3645 conferendum
1374 3593 1407 3644 de

168 3730 172 3737 ,
259 3674 336 3724 illius
359 3673 597 3739 interpretationis
620 3689 722 3742 genere
740 3676 873 3726 Varronis
895 3676 1026 3727 iudicium
1044 3676 1078 3726 de
1096 3675 1115 3725 l.
1135 3676 1153 3729 l.
1172 3676 1226 3727 VII
1243 3679 1268 3726 2.
1305 3680 1406 3750 Quam·

172 3807 173 3810 ,
261 3774 342 3824 quam
360 3773 395 3808 na
414 3757 447 3808 de
466 3761 638 3822 ‘etymorum’
659 3760 769 3827 quidem
787 3760 845 3812 sive
865 3761 909 3812 ‘dc
933 3760 1040 3827 origine
1057 3762 1215 3812 verborum'
1235 3761 1315 3814 libris
1339 3779 1407 3829 quos

260 3843 310 3895 alii
338 3846 463 3895 statuunt
492 3844 639 3911 quidquam
667 3849 786 3896 constat.
831 3846 949 3897 Omnino
975 3846 1187 3912 haudquaquam
1214 3848 1307 3900 omnia
1334 3863 1406 3912 quae

259 3928 338 3980 Aelio
357 3929 514 3980 tribuuntur
533 3929 567 3980 ab
586 3930 646 3994 ipsc
665 3931 721 3980 iam
738 3931 840 3982 litteris
859 3928 992 3981 mandata
1011 3931 1112 3996 fuisse,
1136 3933 1185 3983 sed
1205 3929 1226 3983 'a
1252 3932 1406 4000 discipulis,

259 4014 383 4064 Varrone
397 4013 533 4078 maxime,
553 4030 586 4065 ex
604 4016 745 4067 auditione
759 4017 863 4068 tradita
882 4017 944 4082 ipsa
957 4017 1088 4068 Varronis
1106 4021 1137 4069 in
1156 4017 1268 4069 citando
1281 4019 1404 4071 variatio

259 4099 379 4150 aaaron:
399 4099 501 4151 ‘Aerias
518 4101 622 4151 sarasar
641 4088 665 4152 t
684 4102 724 4152 rs:
744 4102 785 4151 21.
805 4102 846 4153 as.
871 4102 917 4152 or.
938 4103 1053 4154 dicebar
1073 4105 1098 4155 v
1116 4105 1157 4153 aa.
1178 4105 1235 4157 ror.
1261 4105 1299 4171 vr
1317 4107 1341 4158 r.
1369 4105 1405 4156 or.

260 4182 294 4234 de
312 4199 333 4232 r.
353 4201 374 4238 r.
393 4185 436 4237 111
456 4187 496 4237 13.
515 4185 623 4236 Gellius
641 4186 653 4234 Ι
672 4186 711 4236 18.
971 4243 974 4250 1
1450 4208 1453 4213 ·

327 4267 348 4332 ³)
367 4269 446 4320 Mera
465 4274 556 4340 autem
574 4271 735 4322 coniectura
753 4286 843 4336 neque
863 4288 897 4324 ea
914 4273 1054 4339 probabili
1072 4263 1189 4324 effectus
1208 4278 1252 4324 est
1265 4273 1295 4328 (i.
1310 4275 1406 4328 Aelius

259 4353 330 4406 Stilo
350 4370 383 4404 ex
399 4355 532 4407 Varronis
551 4356 670 4408 lectione
690 4355 835 4408 Cornelius
854 4357 924 4408 Stilo
940 4357 977 4410 de
995 4358 1014 4408 l.
1033 4358 1053 4409 l.
1071 4359 1096 4409 V
1114 4359 1164 4410 148
1188 4364 1215 4409 et
1241 4361 1304 4412 150:
1329 4361 1406 4412 cuius
