3282 4970
650 299 788 348 saevus
811 299 843 347 v.
1260 284 1320 350 129

261 573 293 621 Sl
315 569 501 620 ADGNATVS
524 571 591 618 NEC
614 571 728 637 ESCH',
752 571 924 620 (reuulsus
948 571 1122 619 sturmen
1144 572 1320 621 HABENTO.

96 733 98 740 ·
178 714 218 775 13,
237 714 278 762 21.
299 710 397 762 Cicero
416 711 527 763 detlnu.
545 711 573 761 H
592 712 634 775 50,
655 712 703 762 148
722 715 750 760 et
768 711 813 761 lex
831 711 958 763 ‘si...‘
993 710 1098 762 Paulus
1116 712 1135 763 l.
1154 708 1168 762 1
1187 711 1223 762 ad
1241 712 1320 763 Sabi-

175 813 240 847 num
258 797 322 862 Dig.
335 797 378 860 28,
398 798 422 854 2,
440 798 456 847 9
474 796 517 856 §2
537 795 606 845 ‘Sed
624 798 652 844 et
670 795 694 844 si
712 795 791 858 heres
814 795 959 846 institutus
982 796 1104 846 omiserit
1126 796 1320 860 hereditatem,

177 883 231 934 erit
248 880 388 947 legitimus
406 881 499 942 heres,
519 880 648 944 quoniam
665 879 736 930 haee
755 879 842 930 uerba
860 880 905 929 ‘si
922 880 1094 931 intestato
1112 881 1267 931 moritur’
1287 881 1322 932 ad

176 967 204 1016 id
222 971 330 1031 tempus
350 965 523 1029 referuntur,
543 979 596 1029 quo
614 968 812 1015 testamentum
835 964 1010 1029 destituitur,
1032 981 1087 1016 non
1110 979 1163 1029 quo
1186 967 1322 1018 moritur?

177 1052 238 1116 vrp.
257 1050 277 1106 1.
296 1037 385 1100 xuv1
403 1049 439 1100 uu
456 1049 505 1100 uu.
524 1050 588 1112 urg.
608 1051 649 1111 so,
670 1050 710 1113 16,
730 1051 779 1100 195
797 1051 812 1110 a
832 1051 844 1098 1
863 1049 1011 1100 ‘samanae
1030 1051 1184 1116 apparuero
1203 1051 1324 1116 qualiter

178 1137 333 1203 accipiatur
350 1134 503 1186 uideamus.
539 1135 576 1183 Et
601 1133 710 1198 quidem
733 1135 811 1184 uarie
831 1139 949 1200 accepta
968 1140 1022 1186 est:
1047 1151 1111 1186 nam
1134 1140 1163 1187 et
1179 1137 1208 1186 in
1230 1151 1275 1188 res
1294 1140 1323 1186 et

177 1223 205 1271 in
223 1235 356 1287 personas
375 1218 528 1269 deducitur.
563 1219 597 1268 In
614 1234 659 1268 res
678 1223 709 1269 ut
732 1223 801 1284 putu
818 1220 847 1269 in
866 1219 929 1286 lege
947 1219 1001 1269 XII
1025 1220 1182 1271 tabularum
1199 1220 1242 1272 his
1260 1237 1323 1272 uer-

177 1307 219 1356 bis
238 1305 423 1371 ‘adgnatus
437 1343 443 1355 .
458 1345 464 1356 .
479 1307 497 1352 .’
532 1303 677 1368 Theophil.
700 1303 898 1369 Paraphr.11,
913 1307 945 1356 17
964 1303 1030 1356 ἀλλ’
1042 1303 1161 1370 ἐροῦμεν
1179 1304 1219 1356 drc
1238 1302 1263 1358 εἰ
1282 1304 1318 1368 μὴ

177 1391 274 1455 caput
293 1392 354 1440 τοῖι
371 1386 472 1453 ῥήματι
489 1389 541 1439 τοῦ
560 1386 649 1450 νόμου
667 1387 731 1452 περ1
750 1385 847 1439 αὐτῶν
865 1389 1056 1455 διηγόρεοται,
1075 1388 1141 1441 ἀλλ’
1153 1388 1205 1441 οὖν
1222 1387 1253 1441 ἐκ
1270 1391 1322 1455 τῆ(

177 1471 287 1534 iuuetur
299 1475 350 1525 roll
363 1470 591 1524 ouorteuuottrou
609 1469 666 1524 ἔετι
684 1474 772 1524 τοῦτο
790 1473 900 1535 λαβεῖν·
917 1473 1050 1539 pud-adp
1062 1472 1095 1524 ἔν
1106 1488 1160 1526 τινι
1179 1473 1254 1540 μέρει
1270 1476 1322 1540 τῆς

177 1556 282 1613 οἰκεία(
305 1553 560 1621 νομοθεε1αο·’ἐάν
583 1571 636 1608 τι(
658 1555 760 1610 ἄπαιε
787 1557 842 1609 καί
860 1557 1042 1611 ἀδιάθετοε
1059 1557 1272 1626 τελευτήεῃ,
1290 1556 1322 1610 ot

178 1643 323 1697 ἀδνάτοι
342 1639 653 1706 παραγενέεθωιαν
671 1640 726 1694 ἐπὶ
743 1642 807 1707 τήν
824 1642 1210 1710 τούτου-κληρονομίαν.
1235 1644 1322 1696 Gaius

176 1733 247 1783 Iust.
256 1730 298 1780 111
309 1727 346 1796 (1)
363 1730 378 1779 9
388 1743 448 1793 sqq.
457 1732 492 1778 -et
505 1728 533 1777 in
544 1726 615 1781 Coll.
625 1729 696 1780 Mos.
709 1732 737 1780 et
745 1729 822 1783 Rom.
833 1729 852 1778 l.
863 1730 927 1781 XVI
937 1733 962 1794 2,
974 1733 997 1793 1,
1008 1733 1024 1782 9
1036 1745 1096 1797 sqq.
1113 1732 1322 1782 ‘intestatorum

176 1815 348 1867 hereditates
367 1814 429 1878 lege
447 1811 502 1862 XII
519 1811 679 1862 tabularum
696 1813 812 1878 primum
836 1814 871 1864 ad
893 1829 956 1865 suos
974 1814 1090 1867 heredes
1108 1817 1256 1884 pertinent.
1293 1814 1323 1866 Si

177 1901 268 1951 nullus
287 1899 325 1950 sit
342 1913 451 1950 suorum
468 1896 612 1959 haredum,
632 1902 698 1948 tuuo
716 1896 856 1950 hereditas
874 1900 997 1964 pertinet
1019 1916 1053 1950 ex
1072 1901 1168 1952 eadem
1187 1901 1249 1966 lege
1268 1899 1323 1951 XII

82 1994 87 2000 “
176 1986 336 2036 tabularum
355 1982 390 2034 ad
409 1983 607 2048 adgnatos...
628 1982 689 2032 Non
709 1987 801 2032 tumen
820 1984 945 2034 omuibus
965 1985 1045 2035 simul
1064 1985 1193 2051 adgnatis
1210 1984 1260 2035 dut
1276 1985 1323 2034 lex

177 2071 231 2122 XII
249 2069 407 2121 tabularum
425 2067 625 2130 hereditatem,
643 2067 692 2117 sed
709 2062 752 2123 his
771 2068 817 2132 qui
836 2070 902 2118 tune
921 2085 982 2119 oum
1006 2073 1112 2120 eertum
1135 2073 1178 2120 est
1200 2069 1323 2133 aliquem

176 2156 312 2207 intestato
330 2153 484 2204 decessisse
505 2152 629 2218 proximo
647 2152 735 2217 gradu
753 2156 837 2204 sunt’
871 2154 977 2205 Paulus
994 2153 1013 2204 1.
1026 2153 1102 2206 Sent.
1114 2154 1153 2205 IV
1170 2155 1186 2204 8
1204 2155 1234 2203 in
1253 2151 1323 2205 0011.

176 2241 243 2292 XVI
255 2239 310 2304 3,3
328 2239 537 2291 ‘Intestatorum
555 2235 697 2288 hereditas
714 2236 777 2302 lege
796 2237 939 2289 duodecim
957 2238 1114 2291 tabularum
1131 2239 1248 2305 primum
1267 2239 1324 2288 suis

176 2323 337 2387 heredibus,
357 2323 457 2388 deiude
485 2321 597 2387 agnatis
616 2324 644 2372 et
662 2321 813 2387 aliquando
836 2338 943 2388 quoque
965 2322 1118 2390 gentilibus
1135 2323 1323 2376 deferebatur.
1373 2333 1377 2338 ·

178 2402 252 2462 Sana
272 2408 494 2476 consanguineos
513 2405 558 2456 lex
576 2421 631 2456 uon
644 2407 879 2472 adprehendente
896 2408 948 2474 (at)
962 2410 1193 2474 interpretatione
1205 2409 1323 2475 prudeu-

91 2549 95 2555 ,
178 2496 247 2546 tium
264 2495 381 2562 primum
398 2493 471 2544 inter
494 2495 612 2557 agnatos
635 2491 727 2542 locum
750 2487 927 2558 acceperunt.
964 2494 1094 2546 Ceterum
1111 2494 1157 2546 lex
1171 2494 1323 2547 duodecim

178 2580 336 2632 tabularum
360 2579 419 2628 sine
443 2576 501 2627 ulla
522 2576 692 2632 discretione
715 2591 797 2628 sexus
825 2581 944 2643 agnatos
966 2577 1108 2634 admittit)
1148 2579 1279 2646 Pompon.
1303 2579 1323 2631 1.

178 2668 207 2718 11
226 2665 260 2716 ad
278 2665 345 2717 aab.
368 2663 434 2728 Dig.
453 2663 498 2722 60,
518 2661 563 2727 16,
584 2662 632 2711 162
650 2677 691 2726 pr.
710 2661 757 2711 ‘In
775 2661 885 2728 uulgari
904 2663 1115 2731 substitutione,
1140 2680 1194 2730 qua
1218 2666 1257 2730 ei,
1277 2665 1325 2729 qui

178 2765 320 2819 supremus
339 2748 465 2808 moritur,
484 2748 566 2797 heres
584 2745 772 2809 substituitur,
792 2751 867 2798 reete
880 2748 1048 2800 substitutus
1062 2750 1147 2800 etiam
1158 2751 1240 2801 unico
1253 2747 1324 2815 (uni-

179 2836 256 2900 cust)
280 2833 466 2898 intellegitur,
490 2832 616 2897 exemplo
641 2830 786 2882 duodecim
810 2833 983 2899 tabularum,
1007 2850 1042 2886 ex
1065 2836 1165 2899 quibus
1185 2837 1325 2903 proximus
1410 2840 1417 2856 ¹

179 2925 298 2989 agnatus
317 2923 345 2970 et
364 2919 438 2970 solus
457 2918 596 2968 hahetur.’
631 2917 700 2967 Iust.
718 2918 787 2969 Iust.
806 2921 834 2979 3⁴,
856 2920 890 2980 1,Ι
903 2920 926 2967 1.
945 2921 960 2968 2
978 2934 1019 2984 pr.
1038 2919 1091 2981 63.
1110 2922 1154 2984 §5
1172 2921 1213 2972 ‘si
1230 2921 1324 2986 plures

158 3009 236 3059 sint
253 3006 355 3074 gradus
375 3004 548 3072 agnatorum,
568 3005 663 3070 aperte
681 3001 727 3074 lex
745 3001 800 3053 XII
818 3001 975 3053 tabularum
992 3006 1145 3068 proximum
1160 3009 1245 3056 uocat
1263 3046 1269 3058 .
1290 3045 1297 3058 .
1317 3041 1325 3058 .

178 3095 217 3144 Et
235 3093 360 3158 quamuis
380 3089 516 3156 singulari
533 3101 646 3138 numero
664 3101 716 3137 usa
734 3086 779 3138 lex
802 3081 959 3153 proximum
974 3093 1070 3152 nocet,
1096 3093 1189 3141 tamen
1210 3088 1324 3141 dubium

179 3195 235 3231 uon
253 3180 309 3240 est,
330 3177 395 3242 quin
413 3180 441 3227 et
459 3175 483 3224 si
500 3173 594 3240 plures
612 3173 671 3223 siut
688 3171 810 3223 eiusdem
828 3171 928 3238 gradus
946 3189 1040 3239 omues
1058 3174 1259 3228 admittantur)
1273 3167 1324 3228 of.

180 3267 194 3326 ἓ
213 3266 237 3316 1.
256 3267 286 3327 3,
306 3265 321 3313 3
341 3278 380 3328 pr.
416 3259 586 3324 Theophilus
608 3257 743 3324 Paraphr.
763 3259 792 3322 2,
812 3260 844 3309 19
862 3259 877 3320 6
895 3261 922 3308 2.
951 3262 981 3323 3,
1000 3261 1015 3310 2
1034 3257 1049 3321 6
1067 3262 1083 3311 6
1100 3257 1265 3325 ἐτελεύτηεέ
1282 3273 1324 3311 τι(

180 3345 326 3401 ἀδιάθετος
345 3345 463 3398 πολλῶν
476 3341 614 3398 ὑπόντων
632 3340 763 3394 ἀδνάτων
776 3341 915 3408 διαφόρου
929 3344 1050 3407 βαθμοῦ·
1069 3343 1325 3399 ὁδυωδεκάδελτοε

179 3432 232 3484 τὸν
248 3429 405 3496 ἐγγύτερον
424 3431 510 3481 καλεῖ.
524 3455 553 3466 -
568 3427 747 3478 Callistratus
766 3428 827 3482 1.ΙΙ
841 3430 968 3491 Quaestt.
992 3428 1027 3479 D.
1041 3431 1086 3494 50,
1102 3431 1146 3494 16,
1161 3432 1210 3481 220
1229 3430 1325 3481 ‘Liba-

180 3533 271 3570 rorum
290 3517 479 3584 appellatione
498 3519 613 3580 nepotes
632 3517 661 3564 et
678 3517 844 3580 pronepotes
868 3515 1009 3578 ceterique
1033 3515 1078 3580 qui
1097 3531 1131 3566 ex
1148 3514 1192 3565 his
1210 3514 1326 3566 deseen-

180 3607 262 3668 dunt,
282 3603 472 3654 eontinentur:
496 3601 546 3652 hos
565 3600 636 3650 euim
655 3614 749 3650 omues
767 3604 907 3650 ‘suorum’
930 3600 1119 3667 appellatione
1145 3601 1191 3652 lex
1213 3601 1268 3652 XII
1285 3604 1325 3652 ta·

133 3737 134 3740 ,
179 3691 307 3743 bularum
332 3685 558 3754 comprehendit)
594 3685 631 3739 of.
649 3684 786 3750 leianus
804 3686 837 3736 fr.
854 3685 944 3737 XXVI
961 3689 984 3737 1.
1003 3689 1027 3738 8.
1046 3686 1153 3739 XXVII
1170 3689 1194 3738 6.
1215 3684 1280 3740 cod.
1299 3687 1323 3750 6,
1393 3685 1396 3690 ’

180 3780 227 3842 65,
249 3780 272 3830 3.
290 3778 316 3826 4.
346 3775 516 3838 68,14.16.
541 3771 572 3822 O.
591 3770 695 3821 Theod.
714 3771 754 3821 IX
770 3773 817 3834 42,
837 3774 861 3825 9.
886 3772 961 3846 lust..
973 3776 997 3834 3,
1019 3771 1324 3836 1111661111.

249 3866 274 3915 6.
298 3860 368 3912 Ooll.
387 3860 455 3913 Mos.
474 3861 503 3909 et
520 3857 597 3908 Rom.
616 3855 646 3907 ll.
664 3857 730 3906 XVI
746 3857 777 3921 4,
795 3859 811 3907 2
830 3856 977 3922 (leiauus
999 3856 1019 3908 1.
1038 3856 1139 3924 singul.
1159 3857 1260 3922 regul.)
1279 3856 1326 3928 ‘Si

181 3953 302 4017 agnatus
320 3945 447 3998 defuncti
463 3959 518 3996 uon
541 3943 591 4005 sit,
617 3939 714 3992 eadem
736 3940 782 3992 lex
804 3940 947 3992 duodecim
969 3941 1127 3993 tabularum
1150 3941 1271 4008 gentiles
1290 3940 1326 3992 ad

80 4057 86 4076 ·
178 4033 364 4086 hereditatem
381 4034 466 4082 uocat
479 4029 522 4080 his
539 4026 634 4078 uerbis
653 4026 699 4076 ‘si
713 4062 719 4075 .
733 4063 740 4079 .
753 4029 772 4077 .'
808 4022 896 4078 Gaius
914 4026 983 4078 Inst.
1001 4027 1045 4078 III
1064 4027 1095 4076 11
1115 4024 1163 4100 (id.
1176 4025 1248 4076 0011.
1260 4024 1327 4078 XVI

180 4118 386 4132 ...m-...n-

266 4175 294 4234 6.
317 4177 340 4232 si
356 4179 473 4248 agnatus
492 4167 526 4226 P.
542 4171 681 4229 Pithoeus
695 4171 723 4222 et
738 4165 884 4241 Seuliper:
906 4167 930 4223 si
950 4175 1050 4241 gnatus
1065 4167 1127 4223 cod.
1144 4164 1212 4222 Call.
1229 4164 1326 4221 Berol.

181 4263 322 4323 eleustus
348 4259 433 4318 Vena
469 4323 471 4329 .
513 4273 565 4316 ueo
584 4259 652 4314 escit
675 4251 809 4309 (lutacius
828 4254 848 4308 1.
869 4254 905 4309 1..·
925 4254 1012 4310 nescit
1034 4248 1082 4329 (eu
1103 4236 1126 4308 n*
1144 4248 1222 4322 escit)
1243 4251 1325 4308 codd.

181 4367 231 4407 neo
247 4350 314 4405 assit
329 4345 373 4404 ed.
392 4345 463 4402 Pur.
479 4361 508 4402 α.
528 4345 605 4400 1686
621 4359 671 4400 nee
684 4338 737 4394 esit
750 4337 900 4394 Freheruo
915 4353 1036 4410 parere.
1049 4337 1069 4394 I
1081 4339 1098 4394 9
1121 4336 1153 4394 0.
1170 4334 1329 4390 Muellerus

234 4453 353 4504 aenaea,
367 4454 432 4507 Legis
445 4449 485 4493 xu
499 4451 543 4492 uu
559 4446 621 4498 reliq.
721 4471 731 4478 .
1104 4434 1125 4496 9
