3282 4992
267 329 346 378 oar.
364 331 416 378 111.
445 330 493 376 nn
516 330 568 377 ΧΠ
593 328 806 377 ranvnrevu
829 329 1006 392 annrqvns
1031 331 1279 381 oonnrcaunrs.
1324 317 1365 413 :339

207 485 311 549 auctis
334 483 453 548 studiis
475 505 514 548 ac
533 484 633 551 latius
656 485 847 571 propagatis
870 485 986 550 effecta
1007 495 1092 568 erat,
1117 484 1359 555 illustrandam.

206 585 380 670 Hocenim
397 587 478 650 satis
493 586 612 658 docent
628 587 746 671 viginti
761 587 946 670 fragmenta
961 609 1044 674 quae
1060 610 1102 652 ex
1119 591 1360 658 commentariis

207 690 274 769 eiua
290 695 447 773 excerpta
459 688 496 751 in
508 689 723 772 Digestorum
739 687 1004 774 compilationem
1019 690 1231 767 transierunt.
1241 692 1266 778 ¹)
1283 691 1358 771 Non

206 789 517 876 igitursmiraberis,
540 790 627 877 quod
640 791 753 856 Gaius
775 790 936 877 quaedam
961 814 1077 878 parum
1098 802 1194 858 caute
1216 792 1283 878 legi
1303 794 1358 860 tri-

208 891 282 960 buit
302 901 401 978 atque
421 891 510 978 quod
531 915 573 956 nc
590 893 694 979 ipsius
711 892 844 979 quidem
858 891 941 977 legis
957 892 1124 980 exemplar
1139 903 1299 960 tractasse
1310 896 1361 968 ,vi-

210 993 323 1078 detur,
340 993 398 1072 sed
413 995 448 1059 in
463 993 609 1081 priorum
623 995 839 1088 interpretum
855 997 986 1081 scriptis
1002 991 1219 1083 acquievisse.

257 1241 260 1246 ,
293 1198 411 1283 Itaque
428 1196 499 1262 XII
514 1183 700 1266 tabularum
716 1199 943 1285 interpretatio
964 1200 1060 1266 initio
1081 1209 1183 1266 totam
1203 1201 1360 1288 iurispru-

210 1301 355 1368 dentiam
367 1299 542 1387 complexa
557 1310 759 1386 est,2p0stea
775 1295 1067 1387 grammaticorum
1085 1289 1120 1368 et
1139 1303 1360 1368 litteratorum

209 1403 328 1468 studiis
344 1402 528 1484 vindicata,
545 1411 711 1488 postremo
726 1402 761 1466 in
775 1424 897 1469 novum
911 1404 993 1469 luris
1007 1406 1163 1474 scientiae
1179 1409 1273 1492 quasi
1288 1407 1361 1472 hor-

208 1526 299 1571 reum
313 1497 448 1592 recepta
462 1528 482 1570 a
498 1526 627 1572 summa
644 1504 811 1570 doctrinae
828 1503 991 1592 expolitae
1007 1509 1102 1594 copia
1122 1507 1242 1573 hausta
1261 1519 1312 1574 cst
1328 1517 1361 1572 et

208 1607 337 1673 obruta.
963 1651 965 1656 ·
1070 1635 1075 1638 “
1220 1629 1223 1632 '

685 1763 888 1775 ———·-—-——

555 1998 727 2077 carun
757 1999 1003 2076 rnarrvu.

203 2225 279 2317 ild
314 2226 381 2316 ΧΗ
417 2222 720 2318 TABVLARVM
739 2221 994 2336 RELIQVHS
1029 2223 1347 2320 COLLIGENDIS.

216 2481 221 2486 ’
289 2478 344 2544 Ex
360 2479 406 2544 eis
424 2480 559 2566 quaein
579 2479 746 2566 prioribus
768 2478 906 2564 exposui
929 2477 971 2543 de
986 2476 1069 2564 legis
1086 2481 1260 2563 memoria,
1277 2481 1358 2546 satis

205 2582 413 2666 cognoscitur
441 2582 472 2646 ei
501 2582 556 2668 qui
585 2583 620 2646 in
645 2581 792 2668 reliquiis
819 2567 1058 2665 investigandis
1083 2580 1231 2646 studium
1258 2593 1358 2669 ponat

206 2678 366 2758 summam
382 2684 566 2750 cautionem
582 2683 807 2749 adhibendam
824 2705 914 2765 esse,
935 2705 977 2747 ne
998 2681 1079 2774 quid
1095 2691 1262 2769 tamquam
1283 2707 1356 2770 pro-

204 2787 314 2876 prium
328 2784 395 2873 legi
409 2786 548 2873 recipiat
563 2785 650 2872 quod
665 2786 720 2860 vel
731 2785 1003 2872 interpretatione
1015 2784 1215 2870 prudentum
1227 2779 1357 2852 demum

207 2911 248 2954 ex
263 2888 344 2976 legis
371 2890 531 2954 institutis
554 2889 732 2974 repetitum
755 2887 865 2953 situel
886 2907 975 2952 mero
998 2910 1108 2954 errore
1130 2888 1173 2953 ad
1189 2889 1259 2954 XII
1275 2891 1357 2954 refe-

205 3001 307 3057 ratur.
329 2993 440 3079 Atque
454 2992 545 3080 prius
563 2989 694 3078 quidem
709 3012 812 3075 genus
829 2989 916 3077 quod
932 2991 998 3054 Iam
1014 3013 1114 3076 supra
1130 2992 1225 3075 tetigi
1242 3003 1357 3078 suapte

203 3103 321 3159 natura
336 3102 462 3162 certum
481 3093 643 3158 iudicium
654 3112 888 3178 saepenumero
910 3114 976 3156 non
997 3090 1157 3175 admittit3
1180 3102 1289 3158 tamen
1304 3104 1362 3162 est.

204 3196 262 3262 ubi
284 3194 337 3260 vel
358 3197 414 3283 qui
436 3195 628 3281 diligentius
648 3193 746 3258 huius
774 3194 823 3257 rei
844 3195 1005 3259 radonem
1030 3193 1356 3260 habuit'Dirksenus

180 3287 182 3289 ¹
205 3298 325 3363 nimiae
340 3297 566 3383 indulgentiae
581 3296 782 3362 incusandus
798 3293 963 3371 videatur.
988 3295 1054 3376 Qui
1066 3318 1130 3381 quo
1141 3296 1211 3360 iure
1223 3297 1356 3382 prodigi

147 3445 152 3451 ·
206 3401 407 3468 curationem
422 3399 457 3462 in
473 3400 544 3484 lege
560 3399 635 3486 ipsa
650 3421 724 3462 cum
740 3397 859 3464 furiosi
874 3396 1084 3464 coniunctam
1099 3396 1203 3462 fuisse
1211 3397 1354 3484 Ulpiano
1413 3437 1416 3444 ·

207 3501 401 3586 crediderit,
416 3502 482 3567 iam
504 3503 628 3568 notavi.
653 3500 747 3567 Idem
763 3509 872 3565 autem
889 3522 962 3566 cum
979 3500 1045 3566 Gai
1068 3501 1136 3566 loco
1153 3500 1188 3566 II
1205 3501 1265 3566 157
1283 3505 1358 3566 ‘Seu

271 3723 291 3790 ¹)
315 3725 382 3777 Inde
410 3743 443 3778 ca
466 3727 517 3777 sub
541 3729 827 3791 uuum'conspectum
851 3715 985 3792 congesta
1008 3725 1152 3777 ediderunt
1171 3725 1356 3778 Gothofredus

204 3812 244 3876 (in
261 3812 373 3863 Ottouis
391 3811 473 3862 Thes.
492 3813 534 3862 III
557 3828 583 3878 p.
604 3810 675 3877 14⁷).
699 3811 868 3862 Hcineocius
892 3811 967 3860 Hist.
990 3812 1041 3862 iur.
1061 3810 1108 3861 12
1127 3812 1196 3873 (3⁵32.
1225 3812 1354 3864 Homme·

201 3896 257 3948 lius
275 3897 476 3962 Palingeuosia
497 3896 559 3946 libr.
580 3898 632 3950 iur.
653 3899 784 3948 veterum
798 3897 812 3946 Ι
828 3912 856 3970 p.
872 3897 919 3946 117
932 3911 992 3960 sqq.
1028 3897 1099 3948 Nam
1115 3901 1263 3962 praeterea
1282 3883 1353 3961 quae

126 4011 129 4016 ·
168 3981 174 3988 “
204 3997 237 4032 ex
256 3982 326 4032 Gaio
349 3981 479 4031 dicuntur
503 3981 576 4046 apud
599 3982 637 4032 Io.
657 3983 742 4034 Laur.
760 3981 868 4048 Lydum
892 3980 926 4030 de
949 3997 1020 4046 mag.
1040 3981 1054 4030 I
1078 3983 1110 4031 26
1134 3985 1162 4032 et
1184 3983 1217 4031 34
1240 3985 1353 4032 servata

204 4081 279 4132 esse,
300 4067 364 4131 quin
383 4067 527 4140 Pomponii
546 4067 601 4116 sint
625 4082 658 4116 ex
684 4067 840 4133 fragmento
858 4066 967 4132 Digest.
992 4066 1026 4115 de
1051 4067 1118 4131 orig.
1137 4066 1188 4117 iur.
1208 4063 1353 4131 desumpta

203 4165 255 4200 nec
273 4152 327 4204 nisi
351 4166 443 4203 errore
466 4153 496 4202 in
519 4152 700 4217 inscriptione
725 4153 869 4202 commisso
890 4151 961 4202 Gaio
985 4151 1106 4214 tributa,
1130 4166 1185 4200 nou
1207 4153 1273 4215 puto
1297 4153 1354 4202 iam

203 4235 325 4288 dubitari
343 4251 423 4302 posse
442 4263 474 4273 -
494 4239 547 4288 etsi
565 4237 598 4288 de
618 4237 707 4288 altero
728 4241 803 4288 certe
822 4236 884 4288 loco
904 4238 988 4288 etiam
1000 4235 1161 4288 Huschkius
1175 4234 1286 4286 dubitat
1297 4238 1352 4288 Iur.

203 4325 259 4371 ant.
278 4338 306 4386 p.
325 4323 376 4372 308
394 4337 420 4371 n.
439 4348 473 4358 -
491 4324 526 4374 ef.
546 4321 688 4374 Heffterus
707 4323 778 4378 Mus.
795 4321 836 4372 rh.
854 4323 905 4373 iur.
925 4323 953 4374 11
973 4324 1021 4374 123
1040 4337 1083 4388 sq.
1101 4307 1257 4394 Dirksenus
1276 4321 1353 4372 ‘Ver-

202 4406 319 4458 mischte
332 4395 489 4458 'Schriften’
508 4426 534 4476 p.
553 4408 586 4458 56
605 4421 664 4474 sqq.
