3282 4992
317 248 581 307 on-uaraumvs
605 221 893 316 mrnlovnouvu
915 255 1203 306 rurnoranmavs.
1291 239 1332 302 33

183 395 416 486 nullishabere
436 413 527 484 visus
550 421 601 511 est
619 411 802 492 infinitivus
825 411 955 499 passive
974 419 1150 496 usurpatus
1172 433 1332 496 gramma-

156 581 159 592 ,
183 515 249 579 tieo
270 523 328 578 aut
349 512 429 580 Icto
451 512 664 600 imputandus
685 551 719 560 —
743 517 841 599 quam
862 533 927 578 non
943 511 1076 578 sustulit
1089 512 1332 594 Lachmannus‚

182 617 246 696 etsi
266 617 382 690 merito
410 638 465 682 eos
491 616 649 683 refutavit
675 617 731 703 qui
757 617 899 682 activam
921 614 1332 699 significationemsubsti-

159 763 162 766 -
183 727 316 804 tuerent
330 740 489 795 -.;„oum
515 714 633 804 forma
648 718 821 784 immutata
846 740 889 782 ex
914 717 986 800 lege
1007 717 1042 779 in
1064 719 1333 783 commentarium

91 892 94 896 ,
182 821 360 884 transierit.
392 809 509 907 Itaque
530 842 570 884 ne
589 817 643 884 hio
665 819 798 905 quidem
818 818 908 883 loeus
930 819 1009 904 quin
1030 840 1072 882 ex
1092 819 1131 882 L.
1153 818 1241 883 Aelii
1262 818 1333 884 XII

158 969 160 976 .
182 912 416 1006 explanatione
443 922 581 989 haustus
611 921 671 1003 sit,
686 919 784 1004 ¹ullus
814 919 939 987 dubito.
990 921 1100 1006 Atque
1125 918 1170 984 ad
1197 919 1334 986 eandem

182 1025 293 1093 neseio
321 1046 363 1088 an
392 1020 554 1098 Thesauri
580 1022 751 1089 latinitatis
779 1017 1003 1088 testimonium
1031 1021 1196 1110 pertineat
1220 1022 1263 1088 ab
1290 1023 1331 1088 A.

66 1175 69 1180 .
106 1177 109 1198 ι
148 1169 155 1206 ,⁴
181 1124 272 1190 Maio
299 1147 403 1218 nuper
429 1124 590 1210 publicati
612 1123 677 1209 (Ol.
699 1127 796 1192 Aust.
824 1134 848 1189 t.
871 1123 958 1189 VIII
985 1144 1015 1211 p.
1039 1124 1132 1210 310):
1156 1128 1333 1213 ‘Llhrr'pcue
1427 1208 1432 1217 Ι

181 1225 317 1314 castell.
332 1227 447 1313 endis),
469 1232 598 1306 eoquod
617 1229 654 1290 de
679 1247 769 1292 murm
788 1233 852 1291 elus
874 1232 1006 1306 pendeat
1025 1231 1121 1302 libro,
1148 1231 1228 1290 uude
1250 1230 1334 1290 Noe-

131 1397 135 1405 ,
181 1335 262 1408 mus.-
284 1328 342 1402 Oui
358 1332 467 1394 librum
478 1329 563 1402 ,leuel
583 1315 752 1416 appelletur
764 1329 807 1416 ι(1.ι
824 1331 1011 1410 uppcllulur)
1034 1333 1194 1407 llhmpeus'
1211 1328 1269 1413 (ol.
1286 1329 1332 1394 ib.

182 1453 214 1516 p.
236 1421 336 1516 326):
366 1430 427 1514 ,oui
453 1453 513 1517 pro
539 1429 667 1497 Naevio
699 1419 770 1497 aut'
788 1431 887 1499 fallor
920 1440 977 1496 aut
1003 1435 1133 1495 ‘Aelius'
1160 1431 1333 1496 restituen-

182 1533 242 1596 dus
265 1541 326 1600 est.
409 1587 419 1620 ·.
690 1611 714 1624 ,Ι
839 1537 840 1542 ’

266 1634 376 1700 Aliter
392 1635 523 1703 omnino
539 1631 751 1702 statuendum
770 1621 831 1701 est
842 1637 882 1702 de
902 1633 1080 1703 Charisii
1097 1634 1173 1702 loco
1190 1659 1222 1722 p.
1237 1635 1279 1700 56
1295 1635 1331 1700 P.

182 1737 223 1801 73
237 1737 280 1803 K.
291 1784 300 1819 ,
322 1759 421 1824 quem
442 1725 541 1803 talem
562 1739 758 1824 vulgaverat
779 1733 959 1803 Putsohiu's
974 1743 1072 1803 ‘uude
1092 1751 1122 1803 ct
1141 1744 1332 1819 sepulchrum

182 1843 326 1918 hodieque
340 1849 454 1928 mouet,
471 1846 552 1920 quod
564 1847 602 1904 sil
614 1861 746 1929 seorsum
766 1863 786 1906 u
797 1845 932 1920 pulchro
950 1851 1075 1920 propter
1096 1847 1332 1907 recordationem

182 1945 302 2006 dolorr's.
332 1945 531 2025 Sepulchrum
551 1949 589 2024 oh
610 1948 758 2010 uduerhr'o-
770 1963 899 2008 scorsum
920 1954 949 2009 el
964 1949 1127 2024 pulchrum
1142 1952 1244 2032 ullus
1263 1957 1332 2011 tru-

180 2054 265 2108 olum
275 2048 370 2124 dicit.
379 2049 460 2122 quod
473 2037 504 2108 lu
518 2046 575 2132 hoc
589 2053 707 2109 uomr'ue
721 2027 907 2125 componitur
922 2052 1009 2110 semis
1023 2058 1053 2110 el
1062 2053 1238 2126 pulchrum,
1260 2055 1331 2127 pulo

176 2147 338 2225 pulchrum
359 2153 517 2227 superficie
542 2161 570 2210 el
596 2154 675 2234 lutus
695 2154 820 2230 pleuuru
847 2153 981 2212 ossibus!
1010 2147 1078 2214 Ubi
1104 2149 1234 2215 etiamsi
1260 2151 1331 2214 iure

181 2253 312 2312 ‘Aelius'
328 2249 526 2314 substitutus
543 2237 630 2314 esset
645 2272 665 2313 a
680 2247 918 2334 Cannegietero
931 2249 1028 2318 Obss.
1045 2253 1108 2315 iur.
1121 2273 1203 2317 rom.
1214 2251 1232 2316 I
1243 2275 1275 2339 p.
1291 2251 1330 2316 11

182 2359 216 2416 et
229 2343 394 2436 post'eum
411 2370 431 2414 a
446 2350 485 2414 R.
501 2351 634 2436 Ungero
651 2350 691 2416 de
705 2349 818 2436 Valgii
833 2351 908 2415 Rufi
928 2375 1034 2439 poem.
1052 2358 1085 2440 p:
1103 2353 1173 2436 197,
1196 2352 1329 2418 minime

154 2507 159 2516 .
181 2461 309 2534 tamen,
335 2469 434 2538 quem
459 2451 513 2516 hio
536 2453 669 2539 quidem
690 2452 795 2520 voluit
816 2453 940 2519 frustra
960 2477 1144 2542 provocans
1170 2455 1214 2520 ad
1239 2455 1329 2520 Fest.
1411 2443 1413 2452 ’

178 2577 214 2641 p.
229 2553 292 2620 339
307 2577 339 2640 v.
355 2553 565 2640 sepulchrum
573 2604 582 2636 ‚
599 2554 713 2633 Aelius
730 2554 846 2622 Gallus
862 2555 1100 2642 intellegendus
1116 2559 1216 2622 foret:
1233 2580 1330 2644 quem

147 2699 155 2728 -,
181 2677 343 2743 nusquam
358 2655 505 2721 invenies
522 2655 794 2744 etymologiarum
815 2667 991 2725 auctorem.
1023 2659 1148 2723 Verum
1162 2659 1245 2725 haee
1259 2681 1329 2725 eor-

181 2758 282 2822 reotio
303 2757 537 2843 probabilitate
558 2758 612 2825 vel
631 2759 709 2826 hinc
729 2749 863 2846 prorsus
885 2771 976 2826 earet
997 2761 1085 2847 quod
1106 2762 1188 2826 duas
1210 2762 1244 2825 in
1266 2760 1328 2827 hae

183 2861 345 2951 sententia
359 2869 480 2926 temere
503 2860 658 2926 conflatas
683 2847 754 2946 esse
776 2860 1010 2950 explicationes
1032 2864 1139 2950 quivis
1154 2862 1268 2929 ¹videt:
1291 2872 1329 2928 ut
1363 2859 1365 2864 ’
1403 2923 1406 2930 .

174 2963 362 3052 ‘sententiae
379 2973 480 3042 uerte
493 2963 608 3028 melius
629 2965 832 3032 consuluerit
851 2964 1041 3030 Vaassenus
1062 2965 1265 3032 Animadvv.
1285 2965 1329 3030 ad

181 3064 256 3130 fast.
277 3088 310 3152 p.
333 3065 395 3150 223
418 3063 589 3135 scribendo
610 3069 820 3146 ‘sepulchrum
841 3070 877 3131 ob
899 3073 968 3131 adr.
990 3067 1121 3133 seorsum
1140 3077 1170 3131 cl
1182 3062 1327 3147 pulcrum

181 3174 260 3232 ullus
275 3178 402 3234 tractum
414 3172 504 3247 elicit,
520 3174 635 3245 ullus.
656 3171 736 3246 quod
750 3175 782 3231 m
796 3173 851 3234 hoc
866 3190 896 3232 u.
920 3192 947 3234 e.
964 3192 994 3256 q.
1012 3175 1053 3232 s.'
1070 3242 1071 3246 Ἰ
1085 3169 1189 3255 Atqui
1204 3179 1236 3233 et
1251 3170 1328 3235 huio

181 3279 214 3334 et
231 3269 297 3333 illis
318 3269 381 3334 hoo
402 3270 529 3353 obstat,
552 3270 641 3357 quod
661 3280 766 3336 totum
787 3269 850 3336 hoo
871 3271 1077 3337 enuntiatum
1102 3271 1169 3335 iam
1193 3272 1274 3336 satis
1295 3281 1328 3336 et

181 3382 313 3458 propter
327 3369 547 3458 importunam
568 3357 796 3458 repetitionem
817 3383 850 3438 et
869 3369 1005 3460 propter
1029 3372 1163 3440 alterius
1185 3373 1327 3460 explica-

180 3475 278 3542 tionis
293 3472 513 3540 insulsitatem
534 3483 721 3561 suspectum
742 3499 784 3540 ne
805 3499 824 3540 a
846 3476 995 3541 codicum
1016 3475 1148 3562 quidem
1169 3477 1329 3564 memoria

181 3575 279 3640 fidem
294 3574 394 3664 ullam
409 3576 532 3643 habere
551 3576 677 3644 dudum
699 3589 902 3665 compertum
924 3588 974 3644 est
996 3617 1033 3626 -
1056 3601 1120 3664 qua
1142 3601 1178 3665 re
1197 3577 1326 3644 mireris

180 3668 347 3764 Ungerum
362 3700 428 3744 non
443 3701 514 3744 esse
527 3679 721 3747 deterritum
731 3697 787 3745 -·-:
805 3681 894 3768 quod
909 3681 987 3768 quin
1002 3683 1036 3766 in
1053 3703 1090 3745 eo
1106 3681 1218 3746 codice
1228 3702 1327 3768 quem

179 3779 354 3847 Putschius
370 3782 402 3846 h.
414 3781 437 3846 l.
453 3791 582 3848 secutus
599 3789 649 3846 est
663 3783 705 3849 ab
721 3783 956 3870 interpolatore
971 3783 1053 3848 satis
1069 3780 1255 3868 neglegenti
1270 3782 1326 3848 ad-

180 3881 286 3948 ditum
301 3883 403 3948 fuerit
417 3883 563 3950 dubitari
578 3885 645 3948 iam
660 3886 790 3970 nequit,
807 3887 883 3950 oum
896 3885 965 3949 fere
980 3885 1068 3950 idem
1088 3883 1253 3971 glossema
1267 3885 1325 3948 mi·
1361 3919 1363 3921 ·

179 3985 423 4051 nusturbatum
439 3989 481 4050 ex
495 3986 672 4073 Exoerptis
694 3975 889 4053 ood.'Parie.
907 3987 991 4052 7530
1005 3987 1134 4060 Keilius
1153 3985 1327 4073 protulerit

158 4135 159 4139 ,
179 4089 279 4152 ‘ullis
288 4095 394 4168 placet
412 4093 602 4172 sepulchrum
622 4095 803 4168 conpositum
824 4096 945 4154 usemr's
959 4099 988 4154 el
996 4087 1140 4170 pulchro,
1162 4094 1234 4166 qula
1252 4095 1327 4168 pul—

177 4181 283 4254 chrum
297 4197 456 4270 superficie
476 4196 554 4256 lutus
570 4195 681 4255 ossibus
698 4198 844 4270 plenum)
875 4191 990 4280 Neque
1009 4183 1100 4258 'enim
1116 4185 1154 4238 -'-
1171 4210 1256 4275 quae
1277 4189 1332 4255 vi-v

178 4291 275 4358 detur
295 4290 397 4357 Keilii
418 4293 580 4358 sententia
600 4315 671 4358 esse
690 4332 724 4342 —
743 4293 804 4362 hoo
824 4296 933 4379 ipsum
954 4293 1217 4377 additamentum
1239 4313 1339 4356 reue:

229 4403 351 4456 Schoell‚
373 4404 438 4457 Legis
452 4403 492 4446 Xll
506 4407 550 4448 lab.
565 4405 627 4456 reliq.
773 4457 774 4462 Ἰ
881 4409 883 4412 ’
1105 4397 1125 4459 3
1229 4443 1233 4448 ,
