3282 4992
360 329 408 379 on
430 328 625 380 varsnrnvs
649 327 700 377 xn
723 328 936 379 rsnvssavn
960 329 1246 384 rursnrnsrrnvs.
1332 315 1374 386 29

200 558 207 562 ,
226 507 282 549 rus
306 483 434 550 rettulit
453 485 540 550 Hist.
563 486 637 550 crit.
661 484 762 550 schol.
782 485 840 551 lat.
863 507 895 573 p.
911 484 966 568 38,
992 487 1027 550 in
1048 509 1085 551 eo
1105 499 1216 554 tamen
1236 489 1373 556 mirifice

226 583 356 673 lapsus,
373 586 460 673 quod
475 585 598 654 Sexto
613 585 717 654 Aelio·
727 586 873 672 glossam
889 587 1080 674 adscripsit:
1103 589 1224 654 rectius
1241 591 1372 658 Merke-

197 681 201 688 “
225 685 288 752 lius
304 685 325 752 l.
341 687 362 752 l.
381 687 439 754 CV
454 689 501 764 eis
521 688 632 756 verbis
651 688 816 754 lemmatis
836 689 1000 777 deperditi
1021 690 1111 776 quod
1130 691 1235 758 eXII
1250 694 1371 760 tabulis

225 788 325 854 fuerit
330 838 339 872 ,
357 791 562 878 deperditam
578 790 833 879 explicationem
847 791 1007 857 contineri
1028 794 1199 880 perspexit
1219 795 1371 884 idemque

223 891 434 958 Lachmanno
449 895 615 980 probavit.
638 895 688 959 Ac
703 892 820 960 videor
834 893 930 976 mth,
947 893 1035 980 quod
1050 893 1115 960 loci
1129 897 1216 963 ratio
1230 895 1371 983 flagitat,

223 1014 290 1057 non
323 995 393 1069 sine
425 994 536 1082 aliqua
565 993 806 1083 probabilitatis
842 995 951 1083 specie
977 995 1183 1084 supplevisse
1220 1001 1255 1062 in
1284 1000 1373 1066 hune
1406 995 1409 1004 Α

224 1095 372 1161 modum:
393 1101 585 1178 Troasque
600 1102 686 1163 dato
699 1099 828 1184 nota)or't
841 1104 943 1162 Aelt'as
957 1105 988 1162 tn
1005 1103 1075 1162 XII
1084 1099 1272 1184 sistatficore
1286 1113 1372 1166 tra-

225 1203 385 1278 ditoque.
417 1200 459 1265 of.
476 1224 507 1287 p.
524 1201 587 1266 309
600 1201 647 1266 Μ.
669 1204 741 1266 ‘Sub
760 1222 810 1266 vos
826 1208 920 1281 placo
939 1207 971 1264 in
988 1205 1130 1282 precihus
1146 1206 1297 1280 feretum
1319 1210 1370 1268 a·-

224 1307 303 1366 cr‘tar
323 1309 477 1380 sr'am'ficat¹
494 1307 528 1367 su
545 1309 626 1384 quod
643 1310 793 1384 supplico,
813 1315 847 1368 at
866 1309 897 1368 ia
918 1308 1062 1381 lepidos
1082 1306 1262 1384 'transque
1282 1312 1371 1372 doto

148 1443 152 1447 -
226 1414 257 1468 et
275 1410 410 1484 credoque
427 1412 582 1486 plorato’:
608 1407 666 1472 ubi
691 1404 782 1491 leges
802 1405 875 1471 XII
894 1403 1040 1490 intellegi
1060 1407 1214 1472 certiores
1241 1431 1300 1473 nos
1322 1409 1370 1473 fa-

222 1507 270 1575 cit
286 1508 453 1574 Ciceronis
471 1508 511 1572 de
527 1532 559 1574 v.
577 1514 670 1574 ‘endo
686 1517 824 1590 plorato’
842 1508 1066 1575 testimonium
1082 1527 1128 1574 or.
1149 1532 1182 1595 p.
1194 1509 1280 1576 Tull.
1291 1511 1371 1593 §50

228 1611 285 1694 (cf.
303 1611 343 1677 T.
358 1609 446 1675 VIII
463 1611 528 1698 12).
559 1611 663 1699 Atqui
683 1632 758 1675 oum
776 1608 890 1676 redeat
911 1612 946 1674 in
961 1609 1056 1674 Pauli
1076 1633 1119 1676 ex
1138 1611 1237 1678 Festo
1259 1635 1369 1677 excer-

223 1713 288 1798 ptis
305 1718 399 1777 ‘eado
411 1719 530 1792 plorato
544 1719 719 1794 implorato’
735 1714 815 1800 pll
831 1709 889 1795 M,
906 1713 1005 1778 etiam
1021 1719 1181 1792 ‘troasque
1196 1719 1284 1780 dato'
1300 1716 1370 1780 sive

223 1813 319 1878 malis
337 1823 463 1879 ‘troas
482 1820 586 1893 dato'
599 1814 624 1899 ¹)
642 1838 739 1882 suurn
753 1815 894 1902 adipisci
908 1813 1016 1880 locum
1030 1816 1066 1879 in
1082 1816 1237 1882 continuo
1252 1818 1369 1884 verbo-

222 1939 297 1981 rum
322 1916 436 1982 ordine
463 1940 522 2004 par
543 1917 616 1982 luit.
660 1918 752 1984 Solet
778 1919 863 1983 enim
884 1916 1022 1982 Verrius
1044 1939 1126 2004 quae
1153 1917 1235 1984 alias
1258 1918 1369 1984 dedita

222 2041 324 2104 opera
339 2007 593 2102 commentatur,
616 2021 731 2085 eadem
753 2019 833 2085 alias
856 2018 1080 2105 exemplorum
1100 2020 1172 2086 loco
1192 2043 1368 2109 usurpare3

221 2129 262 2186 ut
277 2121 375 2186 etiarn
395 2123 497 2188 verbo
512 2125 583 2186 ‘sub
604 2143 653 2186 vos
669 2129 778 2203 ploco’
794 2123 861 2186 iam
880 2119 1062 2187 illustravit
1081 2145 1176 2186 usum
1196 2121 1368 2190 locutionis

219 2227 271 2287 ‘ob
285 2245 334 2289 oos
347 2231 447 2288 saero'
463 2248 495 2313 p.
514 2225 585 2290 190.
607 2225 649 2289 cf.
666 2247 697 2311 p.
718 2225 779 2289 170
794 2229 939 2303 ‘nuptias'
956 2245 1030 2287 cum
1044 2246 1075 2309 p.
1093 2224 1154 2288 184
1168 2227 1310 2290 ‘obnubit’
1326 2228 1367 2290 al.

221 2363 266 2374 —-
287 2325 356 2391 Nec
377 2328 483 2392 minus
509 2327 552 2391 ad
578 2326 661 2391 illud
682 2326 769 2414 quod
797 2327 955 2412 proposui
975 2326 1266 2391 commendandum
1288 2327 1369 2392 facit

135 2486 141 2500 .
221 2450 383 2515 perquam
408 2439 612 2517 opportunus
639 2429 823 2496 vicinarum
846 2427 1035 2513 glossarum
1058 2427 1151 2494 ordo.
1195 2428 1369 2494 Praecedit

220 2531 310 2595 enim
323 2532 393 2598 sive
400 2529 642 2598 Mommsenum
653 2533 800 2618 sequeris
811 2535 946 2595 ‘Ilonse‘t
955 2537 1136 2612 imperium',
1149 2531 1219 2596 sive
1229 2530 1370 2615 Bergkii

220 2653 329 2718 sagax
339 2655 418 2699 sane
429 2635 599 2700 inventurn
610 2637 835 2720 ‘Translutr'one
845 2642 896 2698 lex
907 2640 1025 2698 curtato
1037 2637 1151 2710 sertar’
1160 2631 1204 2715 ²)*3
1221 2633 1370 2719 sequitur

220 2739 411 2820 ‘trisulcumt
427 2737 582 2802 Ceterum
592 2737 703 2803 nescio
716 2760 759 2802 an
770 2735 876 2824 spatio
888 2734 1004 2802 melius
1015 2733 1203 2800 consulatur
1214 2740 1278 2800 ‘att’
1292 2736 1368 2821 scri-

220 2836 331 2902 bendo
342 2861 403 2924 pro
415 2839 596 2924 ‘(noto)or’t',
618 2841 711 2904 cuius
727 2839 821 2905 verbi
836 2836 944 2903 nullus
960 2837 1051 2925 apud
1063 2839 1199 2902 Festum
1212 2860 1292 2902 usus
1309 2847 1368 2903 est.

220 2977 265 2987 -
281 2939 378 3021 Quod
393 2941 619 3007 veroet'ficere
634 2941 725 3008 volui
739 2963 851 3008 omnes
867 2963 922 3006 eos
937 2939 1027 3006 locos
1042 2939 1150 3022 Festi,
1167 2940 1287 3027 quibus
1303 2941 1367 3005 Ae-

220 3041 286 3106 lius
301 3042 388 3107 nude
408 3043 607 3131 appelletur,
630 3042 673 3108 ad
688 3042 846 3110 Stilonem
865 3043 1044 3128 pertinere,
1066 3041 1103 3105 id
1123 3051 1156 3106 et
1175 3052 1292 3128 suapte
1311 3065 1367 3107 na·

219 3153 296 3210 tura
310 3145 423 3232 reique
438 3144 649 3231 simplicitate
669 3144 915 3211 commendatur
936 3153 969 3208 et
983 3143 1145 3208 Varronis
1166 3143 1314 3229 exemplo
1335 3153 1368 3208 et

191 3262 194 3268 '
220 3247 363 3333 denique
386 3247 534 3335 ipsorum
561 3248 823 3334 fragmentorum
847 3247 975 3333 ratione
1000 3245 1205 3330 probatur.³)
1247 3246 1367 3327 Quam·

227 3417 416 3430 ————

275 3537 311 3604 ft)
330 3540 391 3591 Hoc
410 3541 530 3592 fortasse
548 3541 736 3607 probabilius}
753 3541 794 3590 ita
811 3541 894 3590 ‘endo
909 3542 1028 3605 ploroto'
1049 3543 1093 3591 est
1110 3536 1183 3607 apud
1196 3539 1366 3606 ciceronem,

221 3621 353 3686 Paulum,
373 3625 577 3678 Glossariorum
595 3633 739 3692 auctores,
764 3641 825 3676 cum
843 3627 987 3692 ‘endoqae
1009 3628 1129 3690 plorato'
1149 3631 1285 3692 appareat
1305 3642 1366 3692 pro-

221 3694 309 3773 prium
337 3712 409 3776 legis
437 3728 509 3763 esse.
550 3711 615 3763 sim.
640 3713 836 3778 ‘pedemstrait’
865 3709 943 3762 Fest.
966 3727 992 3776 p.
1015 3713 1066 3761 210
1095 3717 1123 3761 et
1150 3710 1238 3764 Gloss.
1261 3711 1366 3762 Laba:

222 3797 366 3860 ‘pedemve
392 3801 484 3848 struit’
513 3797 559 3848 lex
586 3797 660 3864 apud
687 3799 765 3849 Fest.
793 3814 819 3863 p.
844 3799 903 3848 310.
948 3795 1028 3846 Unde
1059 3794 1195 3845 diiudices
1225 3810 1279 3860 quo
1305 3796 1365 3846 iure

222 3878 405 3932 Schroeterus
428 3883 458 3932 in
476 3880 626 3933 Schunclrii
645 3882 745 3934 Annal.
764 3882 819 3934 litt.
837 3884 889 3934 iur.
909 3883 947 3932 IV
965 3899 991 3948 p.
1011 3883 1044 3931 33
1068 3897 1103 3931 ex
1121 3878 1263 3931 Ciceronis
1286 3883 1365 3932 testi-

152 3986 154 3990 ·
220 3967 312 4017 monio
332 3967 439 4018 efficiat
456 3970 582 4036 ‘endcque
597 3971 713 4034 plorato'
732 3983 776 4034 ap.
790 3968 903 4018 Festum
921 3965 957 4017 ad
974 3966 1065 4032 legem
1083 3965 1137 4016 XII
1154 3967 1293 4030 pertinere
1312 3981 1366 4018 non

219 4061 310 4113 posse.

288 4136 318 4203 ²).
329 4139 488 4190 ‘labantem
499 4141 643 4206 copatione'
661 4138 752 4192 voluit
767 4139 900 4204 Ursinus,
919 4138 1050 4203 ‘Iltpinta
1062 4136 1201 4188 lietorz'bas’
1220 4136 1366 4188 Rubinone

193 4229 200 4243 ·
221 4226 334 4275 auctore
352 4222 512 4278 Muellerus.
904 4285 907 4291 .

288 4309 308 4374 3)
327 4311 484 4383 Numquam
502 4316 595 4362 autem
614 4311 686 4376 apud
704 4313 819 4363 Festum
836 4313 883 4364 vel
901 4312 946 4366 (Δ.
959 4311 1060 4362 Aetius’
1079 4305 1125 4358 vel
1143 4305 1254 4358 inverso
1272 4309 1366 4361 ordine
1437 4360 1445 4366 ,

223 4393 298 4446 ‘Stilo
317 4395 417 4446 Aelius’
436 4400 609 4462 nominatur,
628 4397 662 4446 de
681 4412 734 4463 quo
752 4415 779 4464 p.
792 4398 842 4448 355
859 4413 885 4450 v.
905 4396 1042 4450 tumulum
1060 4389 1204 4444 inferendo
1217 4394 1368 4446 Merkelius
