3282 4970
761 276 900 324 TABVLA
920 275 953 325 V.

838 430 870 494 4.

373 548 404 596 SI
427 545 621 596 INTESTATO
645 547 819 614 MORITVR,
843 547 901 594 CVI
924 547 1008 598 SVVS
1024 547 1136 598 HERES
1152 549 1219 597 NEC
1235 548 1345 615 nscia,
1369 548 1432 595 ΑΙ)-

286 649 423 698 GNATVS
446 649 624 698 PROXIMVS
647 649 822 697 FAMILIAM
844 649 997 698 ΗΔΒΕΤΟ.

286 906 350 960 dum
368 907 459 960 soluta
477 923 525 974 pro
544 907 689 974 separatis.
713 909 784 959 Nam
803 945 809 958 .
882 903 919 959 At
938 924 998 960 curn
1018 909 1117 960 dicitur
1135 915 1247 976 ‘super
1264 910 1433 976 pecuniae

286 992 466 1044 tutelacue
495 995 602 1056 suae',
630 997 702 1042 tutor
733 994 885 1058 separatim
916 995 976 1044 sine
1003 995 1123 1060 pecnnia
1150 993 1210 1045 dari
1239 1009 1293 1044 non
1319 997 1433 1060 potest?

288 1078 375 1129 Gaius
387 1077 405 1130 l.
419 1076 457 1130 VI
470 1076 505 1126 ad
517 1077 568 1132 Ed.
581 1093 657 1143 prou.
676 1079 710 1128 D.
724 1079 747 1137 5,
760 1082 784 1140 3,
799 1081 812 1128 1
832 1078 991 1128 ‘Hereditas
1010 1078 1044 1128 ad
1062 1094 1112 1131 nos
1130 1081 1251 1146 pertinet
1271 1083 1318 1130 ant
1336 1083 1432 1128 uetere

286 1155 355 1212 inre'
370 1167 418 1214 aut
434 1176 513 1212 nouo.
549 1161 650 1216 Vetere
675 1179 689 1212 e
712 1162 775 1227 lege
797 1160 852 1213 XlI
870 1163 1027 1214 tabularum
1049 1164 1095 1214 uel
1117 1180 1151 1214 ex
1169 1168 1336 1216 testamento
1359 1163 1433 1228 quod

287 1247 345 1297 iure
365 1247 469 1296 iactum
488 1249 550 1300 esi)
573 1248 609 1298 cf.
628 1249 664 1300 ib.
684 1250 709 1298 3.
744 1245 805 1311 le.
824 1247 884 1298 1.11
898 1247 933 1298 ad
950 1247 1003 1314 leg‘.
1023 1249 1074 1298 Inl.
1095 1252 1123 1299 et
1134 1249 1202 1314 Pap.
1222 1250 1260 1315 ib.
1272 1251 1323 1318 Ι130
1343 1249 1432 1315 ‘Lege

288 1330 418 1384 obuenire
437 1331 619 1382 hereditatem
638 1346 692 1381 non
710 1332 858 1396 improprie
877 1333 938 1396 quis
956 1333 1057 1383 dixerit
1076 1337 1103 1384 et
1121 1350 1195 1398 eam,
1216 1348 1287 1398 qnae
1301 1349 1335 1384 cx
1347 1337 1433 1384 testa-

287 1420 378 1473 mento
391 1414 529 1466 defertur:
549 1418 615 1480 quia
627 1416 690 1482 lege
703 1415 757 1466 XII
770 1415 925 1466 tabularum
946 1419 1171 1470 testamentariae
1184 1417 1354 1469 hereditates
1368 1434 1431 1468 con-

287 1499 448 1552 firmantur.’
484 1501 525 1554 Id.
545 1502 578 1551 fr.
598 1499 663 1552 XIX
683 1501 714 1551 17
733 1501 826 1565 ‘Lege
849 1501 929 1551 nobis
953 1501 1107 1566 adquiritur
1129 1486 1207 1553 uelut
1230 1501 1363 1552 caducum
1386 1501 1432 1564 uel

288 1586 450 1650 erepticium
470 1583 647 1652 (ereptorium
665 1583 821 1648 Huschlriua)
846 1601 879 1636 cx
902 1586 963 1650 lege
986 1586 1075 1652 Papia
1098 1587 1243 1652 Poppaea,
1261 1588 1328 1638 item
1353 1587 1431 1650 lega-

286 1675 345 1734 tum
370 1685 403 1720 ex
429 1669 492 1735 lege
515 1669 570 1721 XII
592 1668 749 1720 tabularum
772 1671 833 1722 siue
856 1671 979 1735 mancipi
1001 1667 1055 1721 res>
1068 1671 1124 1724 sint
1146 1672 1204 1722 siue
1228 1687 1279 1722 nec
1301 1666 1431 1736 mancipi.

289 1753 327 1804 ld.
340 1755 375 1807 fr.
388 1756 430 1805 19
449 1756 497 1805 ‘Vt
508 1747 675 1805 testamento
689 1755 851 1806 manumissi
863 1754 944 1806 liberi
963 1757 1028 1820 slat,
1046 1754 1091 1806 lex
1110 1755 1254 1807 duodecim
1272 1747 1430 1806 tabularum

220 1903 227 1910 ·
288 1837 462 1901 iucit‚'quae
483 1839 625 1890 confirmat
644 1837 820 1902 (testamento
839 1839 920 1890 datas
939 1839 1084 1891 libertates
1103 1841 1145 1892 his
1163 1841 1256 1892 uerbis
1275 1841 1339 1894 ‘uti
1353 1876 1361 1890 .
1374 1879 1381 1893 .
1395 1838 1430 1905 .)’

287 1926 372 1988 suppl.
390 1923 504 1978 Huacilc.
526 1923 630 1974 Paulus
649 1923 667 1973 l.
686 1924 725 1974 IX
743 1925 778 1980 ad
795 1924 937 1976 Plautium
955 1925 1019 1990 Dig.
1039 1927 1080 1989 50,
1102 1926 1142 1990 16,
1160 1927 1202 1988 80.
1240 1925 1325 1978 Gaius
1345 1925 1363 1975 l.
1376 1925 1431 1978 XII

289 2007 324 2058 ad
341 2006 392 2060 Ed.
405 2020 481 2072 pron.
500 2008 535 2062 D.
548 2009 589 2070 26,
609 2011 633 2072 2,
655 2011 668 2057 1
687 2011 774 2074 ‘Lege
787 2009 840 2060 XII
853 2000 1019 2060 tabularum'
1029 2011 1251 2075 permissumest
1268 2011 1445 2084 parentibus-

288 2092 384 2142 liberis
403 2093 460 2143 suis
480 2093 538 2144 siue
566 2093 695 2143 feminini
719 2097 779 2144 siue
803 2094 951 2145 masculini
973 2111 1069 2161 sexus,
1093 2096 1118 2145 si
1141 2094 1219 2145 modo
1240 2097 1270 2144 in
1291 2099 1430 2162 potestate

288 2178 357 2242 sint,
379 2181 484 2229 tutores
507 2181 675 2228 testamento
688 2176 786 2247 ‘dare‘
825 2179 930 2233 Paulus
953 2178 971 2230 l.
990 2179 1137 2232 XXXVIII
1154 2180 1190 2230 ad
1206 2179 1256 2232 Ed.
1276 2183 1309 2230 20
1325 2182 1340 2246 5
1360 2183 1373 2229 1
1392 2179 1429 2230 ib..

288 2261 477 2313 ‘Testamento
491 2263 644 2325 quemlibet
656 2277 799 2327 possumus
818 2267 936 2314 tutorem
955 2263 1022 2320 dare
1040 2266 1100 2315 siue
1118 2266 1143 2315 is
1162 2268 1274 2330 praetor
1291 2265 1352 2314 siue
1366 2279 1431 2314 con·

286 2347 329 2398 sul
349 2346 398 2396 sit:
418 2349 484 2412 quia
501 2347 547 2397 lex
564 2347 619 2398 XII
638 2347 796 2398 tabularum
813 2348 841 2397 id
860 2347 1024 2399 confirmat)
1055 2351 1092 2400 cf.
1110 2349 1172 2414 le.
1192 2350 1227 2400 D.
1247 2339 1288 2412 10,'
1306 2352 1335 2413 2,
1355 2352 1370 2400 2
1388 2364 1430 2415 pr.

287 2432 328 2495 aa,
349 2432 381 2480 14
399 2433 414 2494 ς
432 2435 457 2485 a,
475 2429 548 2484 mc
571 2448 612 2498 pr.
646 2431 736 2482 *catus
759 2432 825 2486 ma.
849 2433 878 2483 11
900 2435 957 2487 104,
994 2431 1110 2496 cuturn.
1128 2434 1171 2485 111
1188 2434 1216 2494 c,
1235 2417 1277 2487 9‘5.

322 2508 327 2511 ¹
354 2518 380 2570 4.
399 2516 513 2582 leian.
531 2517 564 2566 fr.
582 2515 702 2568 XXVII
723 2517 810 2581 (etin
829 2517 898 2572 coll.
917 2519 987 2569 Mos.
1012 2523 1040 2568 et
1056 2519 1135 2570 Rom.
1153 2519 1177 2572 1.·
1191 2519 1255 2570 XVI
1271 2521 1301 2582 4,
1322 2517 1348 2584 1)
1367 2517 1430 2568 ‘In-

286 2605 449 2652 testatorum
473 2601 654 2666 ingenuorum
678 2589 891 2667 (gentilitiorum
915 2602 989 2673 Gcll.)
1012 2603 1183 2655 hereditates
1205 2603 1347 2668 pertinent
1372 2605 1428 2669 pri-

286 2700 359 2736 mum
382 2686 417 2736 ad
441 2701 504 2737 suos
528 2684 658 2750 heredes,
687 2685 715 2736 id
739 2675 796 2752 est,
822 2687 938 2752 liberos,
963 2687 1008 2754 qui
1031 2689 1060 2738 in
1085 2691 1226 2754 potestate
1254 2692 1331 2748 sunt,
1357 2693 1429 2740 cete-

269 2784 399 2835 rosque,
419 2773 466 2836 qui
486 2771 515 2820 in
537 2771 686 2826 liberorum
707 2771 769 2824 loco
792 2779 870 2824 sunt:
894 2775 918 2824 si
931 2774 984 2842 ‘sui
1001 2773 1116 2841 heredes
1139 2788 1193 2824 non
1214 2776 1292 2839 sunt,
1313 2773 1347 2822 ad
1366 2789 1430 2825 con-

288 2856 468 2920 sanguineos,
492 2856 520 2906 id
538 2860 593 2920 est,
611 2856 715 2910 iratres
734 2862 762 2908 et
779 2873 886 2910 sorores
910 2875 943 2910 ex
962 2859 1057 2910 eodem
1078 2862 1170 2923 patre:
1195 2859 1219 2908 si
1239 2874 1291 2910 nec
1307 2859 1336 2908 hi
1356 2863 1428 2920 sunt,

288 2941 324 2992 ad
341 2940 463 3004 reliquos
482 2946 599 3008 agnatos
618 2943 768 3007 proximos,
787 2943 815 2993 id
835 2948 877 2994 est
895 2946 1028 3010 cognatos
1041 2940 1131 3008 (prox.
1149 2969 1181 2978 -
1200 2957 1339 3008 cognom.
1355 2943 1428 3010 Gcll.)

286 3025 376 3077 uirilis
394 3041 475 3077 sexus
493 3042 543 3093 per
560 3043 651 3078 mares
669 3028 869 3080 descendentes
888 3028 1009 3080 eiusdem
1027 3029 1162 3079 familiae:
1177 3027 1209 3078 id
1228 3029 1299 3078 enim
1318 3033 1429 3079 cautum

287 3116 330 3162 est
342 3112 406 3177 lege
419 3111 560 3164 duodecim
573 3104 736 3163 tabularum
754 3113 822 3165 hac:
841 3115 881 3164 ‘si
901 3153 907 3167 .
927 3155 932 3168 .
950 3117 969 3167 .'
989 3111 1034 3177 (ac
1053 3115 1078 3164 si
1095 3114 1148 3164 Ed.
1162 3113 1221 3179 Ulp.
1238 3115 1323 3178 princ.
1341 3114 1427 3164 Guiac.

287 3202 317 3249 ut
332 3197 359 3250 ai
374 3215 398 3251 u.
417 3201 462 3250 ast
481 3201 505 3248 si
523 3198 627 3250 Ocutiua
639 3201 673 3249 ul.
690 3198 860 3266 Bceelciupiua
875 3202 914 3250 ed.
929 3202 958 3265 4..
978 3200 1019 3248 cui
1035 3206 1112 3250 antea
1139 3199 1193 3250 hac
1212 3215 1247 3250 ear.
1262 3195 1308 3249 hm
1324 3218 1359 3242 =
1375 3199 1428 3250 hcc

286 3284 364 3337 modo
385 3301 408 3334 c.
428 3283 446 3332 h
466 3299 499 3334 us
514 3301 549 3330 =
565 3283 606 3334 his
632 3285 724 3336 verbis
751 3286 897 3349 corruptum
916 3283 1069 3351 uidebatur).
1110 3283 1192 3336 Rhet.
1214 3283 1251 3333 ad
1273 3271 1429 3335 Herenni

371 3545 399 3602 4.
416 3547 564 3602 intestatus
578 3543 644 3603 Coll.
656 3547 740 3602 codd·
753 3546 829 3604 dhet.
842 3549 882 3603 cd
891 3543 963 3602 Her.
976 3547 1056 3602 codd.
1069 3546 1120 3603 du.
1172 3547 1215 3602 cui
1228 3561 1294 3602 suus
1313 3543 1431 3618 Ulpiani

286 3631 349 3689 cod.
373 3631 480 3688 Vatia:
501 3631 578 3687 cuius
596 3630 663 3688 Coll.
684 3634 703 3688 1.
720 3633 737 3688 l.
759 3634 794 3688 da
815 3633 949 3704 rcfleuiur'
967 3647 1021 3688 usu
1042 3631 1083 3704 cf.
1102 3630 1168 3688 Cato
1184 3649 1210 3688 r.
1229 3649 1255 3687 r.
1276 3635 1302 3688 7.
1319 3633 1367 3686 28.
1382 3635 1428 3686 31.
1456 3617 1471 3644 ‘

287 3721 335 3776 37.
355 3721 411 3774 157
428 3719 467 3775 ul.
484 3718 565 3790 apud
580 3714 725 3774 Hcllzr'um
743 3716 826 3794 Syut.
840 3708 933 3789 prisc.¹
947 3721 1046 3789 script.
1067 3718 1118 3772 lut.
1136 3716 1156 3774 I
1170 3733 1199 3787 p.
1217 3720 1288 3772 364.
1360 3719 1429 3773 escit

287 3803 386 3860 Cuiuc.
403 3800 482 3860 Olus.
512 3802 573 3860 VII
591 3807 643 3858 18:
663 3812 705 3859 cst
726 3806 807 3860 codd.
831 3803 898 3861 Call.
930 3820 984 3860 cm.
1006 3802 1069 3875 Utp.
1094 3801 1250 3858 Vaticanus
1269 3805 1364 3874 spatio
1381 3799 1427 3856 're-

286 3890 351 3944 licto
373 3887 426 3944 esit
451 3887 653 3945 ducaturus
679 3891 718 3946 ad
740 3888 839 3946 Collut.
862 3890 928 3946 edit.
952 3889 1137 3946 Blumr'uucm
1155 3880 1431 3962 1214216477εά

292 3974 332 4044 cf.
347 3975 472 4030 ciusdem
492 3977 602 4046 scriptu
621 3973 723 4031 urus
742 3991 774 4047 p.
792 3977 860 4046 377)
885 3977 921 4030 sit
941 3973 1130 4030 chdoldum·
1144 3978 1260 4030 secutus
1273 3972 1359 4046 Hupc
1381 3988 1427 4028 ex·
1521 3991 1527 3995 ·

286 4058 356 4116 tabit
370 4059 424 4116 Ed.
438 4063 533 4133 princ.
555 4059 617 4131 Ulp.
635 4058 766 4116 Ouiuu'us
786 4063 816 4115 iu
831 4065 887 4116 ποτ.
948 4058 1066 4116 iamdiae
1085 4059 1146 4116 cod.
1170 4059 1232 4116 Vct.
1255 4057 1356 4115 familia
1372 4057 1432 4113 Be?

287 4146 340 4201 rol.
359 4143 425 4202 Call.
497 4143 630 4202 habeatnr
641 4147 724 4224 codd.
738 4143 805 4202 uolt.
879 4145 963 4216 Apud
979 4144 1063 4203 litet.
1079 4149 1109 4200 at
1122 4145 1177 4203 Cic.
1193 4143 1265 4200 dccc
1281 4145 1428 4216 aliquanto

287 4237 396 4287 mutatu
416 4247 480 4287 cum
495 4246 537 4302 sq.
551 4231 659 4303 fruqm.
675 4231 863 4286 coaluerunt.-
884 4230 928 4285 ‘Si
949 4230 1142 4304 paterfamilias
1164 4231 1213 4286 int.
1235 4245 1305 4286 mor.
1326 4228 1427 4284 iamilla

287 4317 456 4394 pecuniaque
469 4318 527 4372 eius
540 4324 668 4390 agnatum
680 4314 974 4390 gentiliumque(‘que’
984 4333 1036 4372 om.
1047 4319 1077 4372 iu
1087 4324 1143 4389 opt.
1155 4312 1427 4388 codd.eret.)estc.'
1525 4328 1527 4332 ·
