3282 4970
767 263 905 312 TABVLA
927 261 973 310 Vl.
987 282 997 301 ι

855 418 886 480 3.

385 519 499 585 Cicero
516 518 599 606 Top.
615 518 664 583 IV
678 519 731 583 23.
752 519 918 605 ‘quoniam
939 540 1019 582 usus
1042 517 1217 584 auotoritas
1239 516 1334 580 i'rmdi
1355 516 1457 582 bien-

301 623 391 686 nium
414 630 484 706 est,
507 622 550 684 sit
571 621 671 686 etiam
694 619 837 685 aedium:
862 629 896 685 at
917 621 953 684 in
973 618 1046 704 lege
1069 620 1166 684 aedes
1190 641 1256 685 non
1279 615 1456 705 appellan-

301 734 368 806 tur,
392 732 425 788 et
447 731 523 788 sunt
545 730 726 788 ceterarum
748 744 858 787 rerum
884 722 1044 805 omnium,
1074 743 1211 807 quarum
1235 743 1362 787 annuus
1391 731 1453 789 est

301 832 404 890 usus?
956 833 958 838 ’

854 927 885 992 4.

387 1028 490 1094 Gaius
513 1027 593 1093 Inst.
616 1028 633 1094 Ι
658 1030 729 1098 111.
773 1029 864 1092 ‘Vsu
891 1029 926 1093 in
953 1050 1086 1093 manum
1107 1030 1340 1114 conueniebat,
1363 1052 1457 1117 quae

304 1153 389 1196 anno
412 1131 569 1210 continuo,
586 1139 689 1216 nupta
716 1131 965 1217 perseuerabat;
994 1152 1078 1216 quae
1106 1131 1192 1195 enim
1219 1130 1312 1198 uelut
1339 1155 1458 1198 annua

303 1232 511 1320 possessione
533 1253 596 1298 usu
618 1232 825 1319 capiebatur,
847 1232 881 1295 in
901 1230 1060 1296 familiam
1079 1232 1144 1296 uiri
1164 1234 1327 1298 transibat
1347 1233 1455 1298 filiae-

304 1357 368 1418 que
389 1333 496 1400 locum
518 1334 697 1421 o'ptinebat.
740 1335 856 1420 Itaque
877 1332 949 1419 lego
972 1334 1144 1400 duodecim
1165 1333 1353 1401 tabularum
1375 1357 1455 1401 cau-

305 1447 375 1502 tum
396 1447 476 1516 crat,
500 1437 528 1502 si
550 1459 616 1523 qua
636 1435 737 1501 nollet
759 1456 796 1500 eo
812 1434 911 1501 modo
931 1436 966 1498 in
981 1458 1114 1502 manum
1135 1437 1245 1502 mariti
1268 1445 1454 1520 conuenire,

305 1549 337 1604 nt
364 1539 525 1618 quotannis
554 1539 706 1604 trinoctio
735 1539 868 1603 abesset
890 1545 987 1624 atque
1014 1544 1058 1602 aa
1083 1559 1168 1602 asam
1184 1539 1350 1624 'cuiusque
1370 1539 1454 1604 anni

307 1640 586 1727 interrumperet'

858 1741 888 1806 5.

393 1845 537 1927 s1‚[ov1]
562 1861 599 1910 ru
620 1859 701 1908 nuru
723 1859 849 1908 uruvu
872 1857 1077 1908 consnavur

374 2106 398 2155 3.
415 2101 513 2154 Cicero
530 2119 557 2168 p.
573 2102 696 2158 Caecina
716 2104 761 2166 19,
782 2103 814 2153 54
831 2103 906 2154 ‘Lex
923 2115 1001 2152 usum
1018 2101 1258 2154 etauctoritatem
1277 2103 1355 2154 fundi
1373 2104 1453 2156 iubet

308 2201 370 2240 esse
382 2187 538 2238 biennium:
557 2192 587 2239 at
603 2188 704 2238 utimur
717 2187 813 2238 eodem
827 2188 885 2238 iure
899 2187 927 2237 in
941 2185 1066 2248 aedibus,
1081 2203 1152 2253 quae
1170 2188 1199 2236 in
1212 2187 1274 2254 lege
1288 2205 1341 2240 uon
1355 2191 1453 2258 appel·

307 2272 419 2324 lantnr.'
445 2273 506 2328 Gai.
526 2275 595 2325 Inst.
609 2273 680 2324 1142
693 2273 857 2344 ‘leucapio
877 2271 981 2335 autem)
999 2271 1142 2323 mobilium
1156 2271 1263 2336 quidem
1276 2289 1366 2326 rerum
1379 2290 1452 2326 anno

308 2357 476 2423 completur,
499 2358 579 2411 fundi
596 2372 669 2436 ‘uero
695 2362 724 2408 et
747 2357 855 2409 aedium
878 2357 1004 2418 biennio;
1030 2360 1058 2408 et
1081 2358 1122 2406 ita
1139 2357 1202 2422 lege
1221 2357 1276 2409 XII
1294 2359 1454 2412 tabularum

208 2497 211 2503 .
309 2447 419 2494 cautum
432 2446 494 2494 est!
517 2444 558 2496 64.
578 2443 634 2495 ‘lex
653 2443 725 2493 onim
742 2443 796 2494 XII
814 2443 972 2495 tabularum
991 2441 1043 2493 soli
1061 2441 1171 2506 quidem
1194 2457 1239 2492 res
1255 2444 1368 2496 biennio
1386 2461 1454 2496 nsu-

192 2552 206 2574 a
308 2529 373 2595 oapi
390 2529 483 2592 iussit,
502 2533 610 2580 ceteras
629 2543 695 2580 uero
714 2531 808 2590 anno)
828 2529 864 2582 cf.
882 2529 925 2578 44.
943 2527 1087 2592 Theophil.
1105 2528 1170 2578 Par.
1191 2526 1226 2576 ad
1243 2529 1313 2580 Inst.
1332 2533 1359 2594 2,
1377 2533 1393 2582 6
1410 2548 1452 2597 pr.

309 2613 483 2664 Modestinus
501 2613 565 2678 Dig.
583 2616 626 2678 43,
646 2616 671 2676 3,
690 2617 714 2666 3.
733 2613 795 2678 le.
817 2612 849 2664 fr.
870 2613 935 2662 XIX
954 2617 978 2664 8.
997 2611 1118 2664 Isidorus
1139 2611 1186 2666 Or.
1205 2614 1229 2665 V
1247 2614 1289 2676 26,
1308 2617 1349 2666 30.

376 2699 401 2747 4.
422 2696 528 2748 Gellius
546 2698 578 2748 N.
597 2697 629 2747 A.
648 2698 691 2748 III
709 2700 737 2761 2,
758 2699 789 2747 12
808 2711 849 2761 sq.
873 2701 901 2748 et
924 2697 987 2748 inde
1010 2697 1169 2747 Macrobius
1188 2695 1245 2747 Sat.
1270 2698 1285 2748 1
1308 2700 1337 2760 3,
1362 2701 1378 2748 9
1402 2701 1452 2762 ‘Q.

310 2797 416 2848 quoque
434 2781 555 2833 Mucium
572 2781 785 2833 iureconsultum
805 2782 897 2833 dicere
916 2782 1026 2837 solitum
1043 2780 1102 2846 legi
1114 2777 1189 2847 (lege
1202 2779 1300 2845 Maon.)
1318 2797 1373 2832 non
1392 2799 1454 2836 esse

309 2869 471 2932 usurpatam
494 2865 577 2933 (elegi
601 2867 664 2932 lege
688 2882 743 2918 nou
765 2869 820 2917 Isse
844 2871 1018 2932 usurpatum’
1038 2883 1073 2917 aar
1090 2859 1220 2916 Macrobii
1237 2867 1356 2918 Parisino
1373 2869 1455 2934 Rapio

309 2953 459 3010 Pontnnnsr
475 2951 509 3016 cs.
523 2951 620 3018 Erdins
636 2953 662 3002 in
679 2952 796 3017 Haponis
814 2953 992 3017 Promptunrio
1009 2953 1058 3002 iar.
1077 2954 1124 3002 ein.
1145 2952 1170 3000 V
1185 2954 1238 3002 213
1255 2951 1293 3016 n.)
1312 2952 1455 3005 mulierem

310 3052 462 3104 quaecum
484 3036 618 3088 Kalendis
642 3037 781 3088 Ianuariis
806 3037 879 3103 apud
896 3038 985 3088 uirum
1007 3037 1175 3088 matrimonii
1198 3051 1282 3086 eausa
1306 3053 1366 3088 esse
1390 3054 1455 3089 eoe-

309 3125 399 3190 pisset
418 3127 482 3174 ante
506 3122 578 3174 diem
600 3124 658 3175 IIII
674 3122 820 3173 Kalendas
844 3123 991 3173 Ianuarias
1014 3125 1163 3186 sequentes
1187 3126 1348 3188 usurpatum
1371 3123 1455 3174 issctr

309 3209 461 3260 nonenim
479 3223 559 3274 posse
578 3207 688 3273 impleri
705 3209 862 3259 trinoctium
881 3199 951 3272 quod
970 3207 1067 3258 abesse
1086 3222 1103 3257 a
1120 3207 1181 3257 uiro
1199 3207 1351 3271 usurpandi
1368 3222 1456 3258 causa

312 3311 345 3344 ex
372 3291 516 3344 duodecim
539 3292 645 3343 tabells
669 3292 795 3354 deberet,
824 3295 953 3357 quoniam
978 3293 1078 3343 tertiae
1103 3293 1194 3342 noctis
1215 3293 1384 3357 posteriores
1406 3309 1456 3346 sax

310 3379 397 3430 horae
415 3378 530 3429 alterius
550 3377 615 3428 anni
634 3380 740 3440 essent,
760 3379 809 3442 qui
825 3378 962 3443 inciperet
980 3393 1013 3428 ax
1030 3375 1186 3429 Kalendis.’

379 3465 405 3514 6.
427 3461 550 3516 Gellii,
568 3463 600 3513 A.
624 3463 675 3513 XX
694 3465 741 3528 10,
765 3466 780 3514 t
800 3478 839 3528 sq.
858 3464 946 3514 ‘Nam
968 3462 1001 3512 de
1025 3477 1078 3526 qua
1101 3477 1130 3514 re
1155 3461 1328 3527 disceptatur
1348 3463 1378 3512 in
1395 3463 1456 3515 iure

314 3548 353 3613 (in
371 3545 413 3613 re)
430 3548 584 3613 praesenti,
603 3550 663 3598 siue
682 3563 750 3613 ager
767 3551 827 3598 sine
851 3541 919 3613 quid
937 3547 1014 3598 aliud
1039 3551 1092 3607 est,
1113 3562 1173 3598 cum
1192 3548 1353 3599 aduersario
1372 3549 1457 3600 slmul

311 3649 394 3684 manu
410 3631 542 3698 prendere
561 3634 635 3683 etin
654 3648 687 3682 ea
709 3648 738 3683 re
757 3632 936 3684 sollemnIbus
954 3633 1047 3683 uerbis
1064 3631 1224 3694 uindicare,
1248 3633 1277 3682 id
1295 3637 1338 3684 est
1354 3633 1456 3682 ‘niudi-

314 3721 378 3770 cia’
402 3717 546 3785 Correptio
565 3733 660 3769 manus
673 3719 702 3768 in
720 3733 749 3768 re
769 3721 851 3784 atque
871 3719 899 3768 iu
917 3718 978 3769 loco
996 3715 1138 3782 praesenti
1158 3717 1229 3784 apud
1246 3722 1402 3784 praetorem
1422 3733 1456 3769 ex
1509 3705 1514 3713 ’

313 3803 458 3856 duodecim
476 3803 580 3853 tabulis
598 3801 692 3863 fiebat,
710 3804 739 3853 in
757 3803 855 3868 quibus
873 3805 915 3854 ita
928 3803 1059 3870 scriptum
1072 3807 1127 3854 est:
1148 3804 1192 3854 tsi
1205 3839 1211 3854 .
1223 3809 1232 3854 ’.
1247 3807 1265 3853 .’
1293 3803 1329 3854 cf.
1342 3803 1453 3869 Fragm.

313 3891 377 3940 Vat.
396 3891 457 3951 §50
476 3889 522 3940 cit.
544 3887 620 3939 adl.
640 3887 757 3952 Scaliper
774 3891 809 3938 ad
824 3889 894 3940 Fert.
911 3906 933 3942 6.
951 3894 1112 3953 ,superstites

394 4130 421 4189 5.
450 4133 496 4205 qui
523 4129 620 4188 Pa'ris.
643 4133 724 4187 8666
743 4130 852 4203 66966.
877 4098 979 4199 (Gall.)
1003 4125 1053 4207 98]
1092 4133 1135 4187 oui
1163 4131 1297 4188 German.
1320 4129 1454 4204 Moyliab.

309 4219 370 4273 cod.
387 4216 534 4274 Sozomeni
552 4218 579 4270 in
594 4217 657 4272 tior.
674 4215 744 4271 Par.
761 4217 789 4272 la
812 4215 884 4272 Vall.
903 4220 956 4272 116
970 4216 1079 4288 66966.
1091 4233 1141 4288 pr.
1161 4217 1304 4284 (meliores
1327 4217 1394 4273 libri
1407 4217 1454 4272 de·

306 4303 408 4372 licium
422 4303 481 4364 int·
499 4301 621 4368 dextr.)
640 4301 786 4358 Cancellos
801 4302 908 4357 addidi.
