3282 4970
292 329 353 394 164
590 345 765 396 mcuurnn
788 344 895 405 sums
912 343 1137 398 sensurum.

377 600 491 666 Cicero
514 601 555 666 dc
577 602 629 667 off.
652 602 707 667 III
729 604 789 684 31,
814 503 873 668 1161
902 604 1054 668 ‘Nullum
1083 607 1169 669 enim
1195 604 1364 669 uinculum
1393 603 1438 670 ad

290 702 561 787 adstringendam
583 703 680 768 fidem
703 705 912 771 iureiurando
936 707 1075 771 maiores
1098 707 1202 772 artius
1225 729 1298 771 esse
1324 706 1437 772 uolue-

289 813 375 868 runt.
420 803 462 867 Id
483 805 631 870 indicant
658 804 748 889 leges
777 809 812 870 in
834 806 905 871 XII
927 807 1067 890 tabulis,
1097 808 1245 872 indicant
1272 817 1439 874 sacratac'

289 927 363 990 eq.
382 927 407 968 s.

374 1013 427 1070 Fr.
459 1013 541 1072 VIII
561 1019 598 1071 23
619 1013 722 1073 tribuit
743 1013 845 1073 Dirlcs.

840 1146 858 1209 7

372 1244 580 1330 Augustinus
604 1245 644 1310 de
660 1246 723 1310 ciu.
739 1247 805 1311 Dei
820 1246 908 1313 XXI
931 1248 968 1310 11
992 1246 1092 1313 ‘Octo
1115 1269 1236 1331 genera
1256 1271 1437 1335 poenarum

288 1347 324 1410 in
344 1345 473 1433 legibus
496 1370 568 1412 esse
592 1348 708 1415 scribit
730 1347 873 1412 Tullius:
903 1348 1077 1430 damnum,
1108 1350 1255 1432 uincula,
1283 1352 1436 1434 uerbera,

255 1445 260 1456 “
287 1449 459 1532 talionem,
493 1449 724 1534 ignominiam,
753 1449 906 1532 exilium,
932 1460 1086 1532 mortem,
1123 1453 1341 1518 seruitutem).
1376 1453 1436 1535 (id.

288 1551 408 1616 Isidor.
432 1552 488 1617 Or.
517 1551 544 1615 V
567 1551 634 1634 27.)

834 1658 851 1694 'lt

374 1753 499 1818 Plinius
528 1754 568 1817 N.
591 1753 633 1818 H.
655 1753 723 1818 VII
752 1755 806 1834 60,
835 1653 899 1817 2182
931 1755 1133 1821 ‘Duodecim
1166 1755 1288 1821 tabulis
1322 1768 1436 1822 ortus

289 1865 416 1920 tantum
439 1866 472 1921 et
494 1877 630 1920 occasus
653 1856 877 1938 nominantur,
900 1865 977 1942 post
1004 1856 1129 1950 aliquot
1157 1880 1259 1922 annos
1288 1859 1437 1924 adiectus

288 1968 340 2024 cst
362 1967 394 2022 et
415 1957 588 2022 meridies'
613 1980 639 2021 e.
657 1981 687 2044 q.
705 1981 730 2021 s.

257 2231 259 2238 ·
374 2196 478 2260 Gaius
500 2193 581 2259 lnst.
604 2195 621 2259 I
650 2195 711 2258 122
739 2194 836 2258 ‘Ideo
866 2205 976 2259 autem
1004 2217 1059 2260 aes
1082 2204 1115 2260 et
1142 2195 1226 2261 libra
1248 2195 1435 2280 adhibetur,

289 2300 367 2384 quia
389 2296 467 2363 olim
490 2297 594 2361 aereis
618 2306 745 2361 tantum
767 2295 907 2359 nummis
931 2296 1125 2377 utebantur,
1155 2306 1187 2362 et
1215 2308 1310 2363 erant
1332 2320 1437 2382 asses,

289 2399 463 2486 dupondii,
488 2399 641 2462 semisses
663 2407 704 2462 et
726 2396 942 2484 quadrantes,
966 2419 1027 2461 nec
1048 2398 1134 2461 ullus
1163 2419 1280 2463 aureus
1309 2400 1362 2463 uel
1384 2422 1436 2464 ar·

288 2510 424 2586 genteus
447 2523 597 2566 nummus
626 2500 659 2562 in
680 2523 742 2563 usu
770 2509 859 2581 erat,
888 2499 1001 2565 siout
1026 2522 1073 2563 cx
1100 2497 1191 2584 lege
1212 2499 1295 2564 XII
1318 2501 1434 2566 tabu-

288 2602 415 2668 larum
437 2601 681 2686 intellegere
703 2608 932 2686 possumus'
960 2623 986 2664 e.
1004 2624 1033 2687 q.
1052 2624 1077 2664 s.
1197 2649 1199 2658 ,

300 2723 303 2739 ¹
375 2710 423 2766 Au
452 2709 531 2767 VIII
553 2715 586 2764 11
613 2714 670 2767 not.
692 2707 793 2766 Dtrlrs.
838 2706 881 2778 cf.
911 2707 1109 2766 Mommsenus
1136 2708 1175 2768 dc
1201 2724 1236 2768 rc
1264 2712 1435 2778 nummaria

288 2809 373 2869 Rom.
391 2826 425 2884 p.
444 2816 499 2868 175
515 2825 558 2883 sq.

837 2905 885 2969 10.

375 3007 478 3074 Gaius
502 3007 522 3073 l.
539 3008 570 3072 V
593 3007 635 3072 ad
658 3007 764 3091 legem
780 3005 852 3071 XII
866 3006 957 3072 tabb.
981 3006 1024 3070 D.
1040 3007 1092 3088 50,
1118 3008 1168 3088 16,
1190 3008 1252 3072 237
1276 3009 1434 3074 ‘Duobus

288 3110 451 3195 negatiuis
473 3110 584 3176 uerbis
607 3110 700 3197 quasi
722 3108 883 3194 permittit
909 3106 965 3186 lex
986 3111 1092 3194 magis
1120 3131 1217 3195 quam
1251 3109 1433 3196 prohibuit3

288 3212 389 3298 idque
412 3212 511 3277 etiam
535 3211 669 3278 Seruius
693 3208 953 3275 animaduertit.’

816 3349 833 3388 s

374 3426 425 3515 Id.
447 3449 533 3515 LVI
554 3451 600 3516 ib.
623 3449 686 3514 238
708 3452 729 3530 ὅ
751 3448 768 3512 1
792 3348 1069 3513 ‘Dilestatum
1096 3455 1147 3512 est
1175 3451 1351 3516 testatione
1379 3451 1433 3516 de

288 3553 498 3618 nuntiatum?

766 3682 770 3689 ·
821 3652 901 3715 *12

374 3735 527 3821 Sidonius
550 3753 752 3841 Apollinaris
777 3753 844 3846 Ep.
864 3751 952 3817 VIII
972 3754 992 3816 6
1021 3753 1102 3820 ‘Per
1129 3753 1238 3840 ipsum
1262 3755 1332 3819 fere
1355 3764 1434 3821 tem·

288 3879 365 3944 pus,
387 3866 424 3922 ut
446 3856 718 3922 decemuiraliter.
727 3854 857 3943 loquar,
880 3854 936 3920 lex
952 3857 992 3920 de
1007 3857 1265 3941 praescriptione
1280 3858 1434 3922 tricennii

289 3959 399 4025 fuerat
421 3958 723 4046 proquiritata?
1271 3975 1276 3988 ²

243 4345 245 4350 ,
306 4285 446 4336 AsterIsoo
464 4282 479 4316 *
496 4285 592 4337 notavi
610 4299 644 4334 ea
663 4283 820 4350 fragmenta
839 4299 952 4348 quorum
971 4283 1082 4334 dubiam
1102 4299 1166 4334 csse
1184 4281 1263 4333 fidem
1283 4284 1411 4342 iudicem.
