3282 4992
302 287 345 372 62
437 379 439 383 ι
724 305 836 356 csrvr
859 307 1025 356 rnarrvn.

304 461 414 543 Quare
429 461 457 526 si
472 459 561 549 quod
575 460 611 524 in
625 483 665 526 ea
680 459 870 526 collectione
886 471 1097 548 praeceptum
1112 461 1236 527 eisdem
1250 462 1361 529 verbis
1377 485 1448 551 per-

303 565 461 652 scriptum
476 563 540 630 suit
554 564 673 650 quibus
688 563 723 627 in
738 562 808 628 XII
823 562 963 646 tabulis,
979 587 1022 628 ex
1041 563 1102 630 his
1118 566 1228 650 potius
1249 576 1286 631 ut
1301 587 1344 630 ex
1358 565 1449 631 fonte

302 668 457 733 haustum
472 689 544 732 esse
559 665 701 732 videtur.
737 665 824 732 Nam
844 688 920 730 cum
943 689 986 731 ex
1007 667 1142 754 antiquo
1163 667 1234 732 iure
1249 666 1345 754 plura
1360 690 1380 732 a
1394 669 1447 734 de-

303 768 456 838 cemviris
471 779 604 856 recepta
619 790 692 834 esse
707 767 905 854 constaret¹)
922 768 994 833 fieri
1008 769 1092 835 bene
1106 780 1247 856 poterat,
1264 778 1301 837 ut
1315 759 1455 836 servata

302 874 431 960 priscae
447 871 582 958 originis
598 871 754 937 memoria
767 879 883 958 postea
904 871 973 936 suis
988 894 1135 960 quaeque
1157 873 1212 961 qui
1233 872 1449 939 tradebantur
1483 947 1486 952 ,
1570 937 1573 942 .

301 976 493 1044 auctoribus
508 975 770 1041 restituerentur.
791 992 799 1006 ·
1085 1059 1088 1064 Ι
1107 981 1114 998 ”

239 1082 242 1088 ’
386 1078 460 1144 Ηοα
474 1086 584 1144 autem
598 1099 665 1144 non
681 1077 771 1142 cadit
784 1075 820 1140 in
835 1099 875 1141 ea
889 1097 975 1163 quae
987 1077 1168 1165 Dionysius
1180 1077 1217 1143 II
1230 1079 1273 1143 26
1288 1081 1330 1144 dc
1344 1082 1447 1166 patris

301 1182 335 1246 in
350 1180 455 1246 filium
468 1182 556 1248 vitae
575 1181 729 1267 necisque
751 1187 914 1268 potestate
934 1202 954 1244 a
974 1178 1114 1247 Romulo
1135 1181 1263 1246 sancita
1285 1182 1388 1247 refert
1407 1223 1449 1238 --.

302 1284 345 1348 cf.
362 1283 480 1350 Oollat.
495 1281 558 1368 leg.
575 1282 625 1349 IV
640 1284 659 1348 8
675 1285 760 1346 ‘Cum
772 1289 860 1363 patri
878 1289 940 1347 lea
960 1291 1069 1362 reeta
1085 1289 1202 1348 dederit
1216 1290 1247 1349 ia
1259 1291 1355 1362 filiam
1371 1292 1448 1349 citae

301 1392 440 1464 necisque
448 1391 634 1467 potestatem’
646 1423 689 1436 —-
700 1407 783 1472 quae
798 1373 863 1472 quo
878 1385 949 1450 iure
964 1385 999 1449 in
1014 1383 1120 1471 legem
1135 1385 1275 1453 editores
1290 1387 1333 1454 ad
1347 1409 1448 1453 unum

301 1512 414 1555 omnes
429 1489 672 1575 transtulerint,
691 1486 843 1575 equidem
859 1487 990 1574 assequi
1003 1488 1181 1574 cogitando
1197 1511 1331 1576 nequeo.
1361 1489 1448 1555 Nam

302 1592 390 1680 quod
400 1593 541 1686 citent
556 1595 674 1658 τοῦτον
684 1592 743 1656 τὸν
760 1590 863 1670 νόμον
875 1590 911 1657 ἐν
923 1581 1035 1672 ἀρχαῖς
1046 1595 1103 1671 μὲν
1115 1593 1148 1658 οἱ
1160 1595 1294 1674 puericie
1310 1593 1447 1675 ἐφύλατ-

301 1717 361 1763 τον
372 1696 435 1762 εἴτε
445 1695 667 1776 γεγραμμένον
680 1693 743 1759 εἴτε
754 1691 905 1775 ἄγραφον
912 1743 975 1758 .....
986 1695 1448 1776 καταλυθείεηαδέτῆεμοναρ-

301 1799 371 1880 χίας
382 1849 389 1864 .
401 1849 427 1863 ..
445 1799 476 1864 οἱ
492 1797 647 1879 λαβόντε(
658 1796 747 1876 παρὰ
763 1799 823 1861 τοῦ
834 1797 936 1876 δήμου
950 1799 1011 1878 τὴν
1025 1797 1171 1865 ἐξοαείαν
1186 1802 1243 1878 τῆ(
1256 1803 1446 1878 (υναγωγῆε

301 2076 338 2126 ait
356 2077 472 2126 “morem
488 2075 601 2140 meusque
622 2087 753 2124 semorum
772 2071 920 2122 Adliciam”
938 2073 995 2137 ipso
1016 2073 1087 2122 titulo
1104 2075 1171 2138 lepis
1187 2075 1313 2138 Papiriae
1333 2089 1393 2125 usus
1409 2081 1447 2125 est

301 2177 375 2226 quam
396 2159 495 2210 sciebat
519 2161 556 2210 de
582 2160 647 2208 ritu
672 2172 834 2208 sacrorum
853 2157 1036 2222 publicatam’:
1058 2157 1114 2207 ubi*
1129 2159 1181 2208 ius
1200 2159 1380 2224 Papirianum
1398 2174 1447 2225 pa·

301 2261 359 2295 rum
378 2249 512 2296 accurata
529 2244 642 2294 notione
661 2256 831 2307 expressum,
851 2255 906 2290 non
923 2241 1063 2306 proiecto,
1088 2242 1160 2306 quod
1178 2243 1323 2294 Vaasseno
1340 2245 1448 2310 placuit

300 2331 389 2380 Anim.
409 2329 445 2380 ad
462 2329 527 2381 fast.
545 2346 571 2394 p.
592 2329 652 2392 152,
676 2325 767 2393 legem
790 2327 942 2394 specialem
966 2343 984 2377 a
1001 2327 1115 2393 Papirio
1138 2332 1265 2378 sanctam
1289 2344 1323 2379 ac
1346 2329 1446 2380 deinde

300 2417 355 2466 iuri
376 2414 526 2480 Papiriano
549 2413 680 2464 insertam
704 2412 796 2477 quivis
819 2411 905 2462 facile
931 2416 1076 2478 agnoscat.
1112 2413 1190 2464 Talis
1213 2414 1299 2479 igitur
1317 2414 1447 2466 collectio

300 2502 401 2552 rituum
420 2515 562 2551 sacrorum
581 2515 613 2550 ex
633 2497 711 2548 libris
729 2497 879 2564 pontificiis
898 2502 1043 2564 excerpta,
1068 2513 1120 2566 quo
1144 2504 1293 2566 augeretur
1316 2499 1447 2566 dignitas,

301 2587 405 2639 illustri
422 2588 533 2639 nomine
552 2588 652 2636 ornata
671 2586 713 2633 est
731 2583 839 2648 Papirii
859 2583 940 2649 primi
962 2584 1037 2648 regis
1059 2598 1201 2635 sacrorum
1225 2585 1262 2638 cf.
1280 2586 1362 2635 Dion.
1380 2585 1447 2636 Hal.

300 2673 325 2724 V
344 2677 357 2722 1
376 2674 492 2735 πρῶτος
507 2666 600 2734 Ἱερῶν
619 2666 744 2731 βαειλεὺε
764 2665 896 2720 Μάνιος
913 2665 1102 2735 Παπίριος,
1127 2670 1174 2735 qui
1192 2669 1264 2720 idem
1288 2676 1331 2720 est
1353 2671 1447 2722 11156

301 2757 406 2808 Gaius
424 2756 554 2822 Papirius
566 2755 671 2807 Numae
691 2753 783 2818 legum
801 2753 835 2804 de
854 2755 942 2805 sacris
960 2758 1023 2820 post
1040 2769 1121 2820 reges
1134 2760 1248 2805 exactos
1264 2755 1362 2817 editor,
1380 2771 1446 2821 pon-

300 2843 370 2892 tifex
389 2841 512 2906 quidem,
537 2840 586 2891 sed
609 2844 704 2890 tamen
722 2835 861 2890 ἁπάντων
883 2841 943 2890 τῶν
967 2838 1053 2904 ἱερῶν
1075 2831 1239 2904 ἡγεμονίαν
1253 2838 1328 2904 ἔχων
1352 2841 1400 2905 (cf.
1419 2841 1447 2890 11

300 2926 354 2993 14),
373 2943 425 2978 nec
443 2927 478 2978 ab
501 2927 554 2977 hoc
576 2924 680 2976 diversi
699 2923 822 2976 Sextus
845 2929 874 2976 et
896 2925 1039 2976 Publius
1057 2926 1165 2991 Papirii
1190 2925 1283 2991 legum
1306 2927 1446 2992 regiarum
1494 2987 1507 3000 ..

253 3024 262 3040 ·
297 3013 329 3064 in
345 3013 405 3065 iure
424 3011 528 3066 civili
546 3011 696 3079 Papiriano
716 3009 913 3076 compilatores
932 3023 1000 3074 quos
1019 3011 1096 3063 novit
1113 3009 1282 3078 Pomponius
1295 3011 1361 3078 Dig.
1376 3013 1399 3076 1,
1419 3013 1445 3076 2,
1539 3007 1543 3024 “

299 3101 315 3150 2
333 3101 349 3162 6
367 3101 382 3150 2
401 3103 429 3149 et
446 3099 461 3160 5
479 3101 521 3163 86,
541 3102 569 3149 et
588 3095 665 3148 illum
690 3096 800 3162 quidem
818 3095 936 3162 Superbi
952 3097 1099 3146 Demarati
1118 3096 1256 3148 Corinthii
1278 3095 1330 3146 filii
1347 3096 1377 3161 (l)
1397 3111 1445 3147 ae-

300 3184 420 3250 qualem.
455 3185 488 3234 Iu
506 3199 567 3235 eam
580 3189 674 3235 autem
693 3182 885 3234 collectionem
903 3181 980 3246 leges
1004 3197 1111 3246 quoque
1131 3196 1202 3247 quae
1221 3183 1384 3234 ferebantur
1402 3199 1447 3234 re·

299 3272 361 3336 gius
384 3286 455 3337 quae
473 3269 584 3334 quidem
601 3271 685 3320 ritum
702 3282 844 3318 sacrorum
863 3267 923 3317 iere
942 3281 1036 3318 omnes
1055 3271 1223 3334 spectarent,
1242 3271 1370 3333 receptas
1384 3283 1445 3318 esse

298 3371 354 3405 non
372 3361 429 3406 tam
447 3356 532 3406 dubia
550 3359 579 3404 et
596 3355 702 3404 discors
719 3353 850 3417 Dionysii
872 3358 900 3404 et
917 3353 1062 3420 Pomponii
1084 3355 1236 3405 auctoritas
1260 3369 1342 3420 quam
1361 3355 1448 3406 Grani

299 3439 397 3490 Flacci
422 3456 455 3490 ex
477 3439 549 3490 libro
572 3437 607 3490 de
630 3440 689 3490 iure
712 3439 863 3503 Papiriano
890 3439 1075 3505 fragmentum
1098 3437 1248 3505 persuadet
1269 3441 1299 3489 in
1320 3440 1384 3506 Dig.
1403 3441 1445 3504 50,

301 3527 340 3585 16,
361 3527 410 3575 144
428 3524 599 3592 (neglectum
617 3523 652 3573 ab
673 3524 712 3574 eis
732 3525 779 3588 qui
798 3523 882 3574 Grani
898 3525 1026 3590 reliquiis
1048 3525 1213 3592 colligendis
1231 3541 1342 3592 operam
1361 3525 1448 3576 dede·

298 3615 362 3660 runt
379 3611 519 3668 Dirkseno
542 3614 571 3660 ct
588 3607 745 3674 Huschkio)
770 3612 899 3674 ‘pellicem
920 3627 986 3660 nunc
1007 3616 1079 3677 culpo
1101 3616 1191 3662 vocari
1208 3647 1215 3662 .
1235 3647 1243 3662 .
1262 3647 1269 3661 .
1289 3648 1296 3662 .
1320 3613 1446 3677 quondam

298 3713 353 3748 enm
370 3711 435 3762 quae
452 3697 544 3748 uxoria
561 3700 616 3748 loce
633 3698 689 3747 aiae
706 3699 802 3761 nuptiis
818 3699 845 3746 in
863 3700 937 3748 domo
952 3700 1001 3746 αι’
1025 3699 1085 3747 sine
1109 3697 1193 3750 dubio
1214 3697 1390 3748 referendum
1410 3697 1447 3746 ad

297 3783 405 3834 Numae
423 3781 513 3846 legem
531 3785 630 3847 ‘pellea
647 3799 719 3832 nram
736 3781 844 3834 Iunonia
861 3800 893 3834 ne
911 3785 1023 3846 tcapito’
1043 3797 1087 3848 ap.
1100 3783 1180 3835 Paul.
1199 3799 1233 3834 ex
1249 3783 1327 3838 Fest.
1345 3798 1371 3847 p.
1384 3783 1445 3836 222.

298 3867 370 3920 Geli.
388 3869 428 3920 lv
446 3871 469 3920 3.

365 3952 387 4018 ¹)
407 3953 442 4003 cf.
461 3953 543 4003 Dion.
561 3953 626 4005 Hal.
644 3956 670 4004 X
688 3956 720 4006 57
739 3953 820 4007 οὗτοι
843 3952 870 4007 οἱ
892 3951 959 4005 δέκα
981 3952 1080 4019 ἄνδρε(
1103 3953 1316 4021 (υγγράψαντεε
1339 3951 1445 4019 νόμους

297 4037 329 4090 έκ
350 4053 383 4091 τε
405 4040 466 4090 τῶν
485 4037 642 4106 έλληνικῶν
664 4040 763 4103 νόμων
787 4039 832 4091 καὶ
859 4042 920 4092 τῶν
943 4038 1020 4103 παρὰ
1043 4037 1134 4103 (φίαν
1161 4039 1301 4105 ἀγράφων
1324 4039 1444 4105 έθκμῶν

297 4123 464 4190 προῦθηκαν
481 4123 512 4176 έν
529 4123 596 4176 δέκα
613 4123 729 4177 δέλτοκ.
749 4127 785 4180 cf,
804 4127 845 4178 66.
869 4125 1008 4192 Ulpianus
1025 4127 1089 4192 Dig.
1108 4129 1150 4192 27,
1170 4129 1211 4189 10,
1232 4129 1244 4174 1
1264 4143 1303 4191 pr.
1327 4127 1445 4193 Pompo·

297 4211 359 4259 nius
377 4211 440 4275 Dig.
461 4212 490 4273 1,
509 4212 538 4276 2,
557 4213 585 4276 2,
605 4213 639 4262 24
655 4237 690 4248 -
708 4213 760 4262 etsi
783 4213 807 4262 is
827 4212 899 4277 quod
918 4213 951 4261 de
969 4212 1099 4263 vindiciis
1123 4229 1161 4263 cx
1179 4217 1297 4264 vetere
1322 4214 1395 4263 iure
1414 4214 1444 4263 in

297 4294 350 4343 XII
368 4296 513 4347 translatis
531 4308 639 4362 narrat,
657 4313 736 4348 suam
753 4297 787 4348 de
806 4297 933 4348 Vindicio
956 4313 1036 4348 servo
1059 4298 1193 4348 fabellam
1216 4300 1384 4364 respicit-
1402 4301 1446 4348 at-

256 4413 258 4418 ,
297 4395 350 4443 que
368 4380 403 4430 dc
421 4383 542 4434 sacratis
559 4383 670 4452 legibus
689 4383 787 4436 Cicero
804 4398 854 4448 pro
873 4383 965 4433 Sestio
983 4386 1024 4446 30,
1044 4384 1087 4435 64.
1109 4384 1144 4433 de
1163 4383 1233 4434 dom.
1253 4387 1293 4449 17,
1312 4386 1355 4436 4³.
