3282 4970
679 257 816 304 slavus
840 257 913 305 vur.
1308 243 1367 306 141

719 408 722 414 ’
779 411 811 474 2.

310 529 341 575 si
363 529 538 575 ununnvu
560 527 761 592 avrsrr,.u1
784 527 856 574 cru
877 528 922 575 no
945 521 1194 593 murmurum
1217 529 1316 577 asro,

689 606 693 611 ’
779 613 810 677 3.
1229 673 1236 694 ,
1376 673 1379 679 ,

216 763 220 766 -
308 731 407 779 usur
428 709 1369 797 666616661666666166161666666,66666666
1464 797 1466 801 .

184 811 188 817 '
223 832 368 880 Ponunu
391 833 516 883 svnrro
541 817 848 900 [snsrnnrronvn].

225 939 429 952 ——-...-.-..-

226 988 404 1040 ‘Iniuriarum
423 990 496 1041 actio
517 995 564 1040 aut
582 990 645 1055 lege
665 994 713 1039 aut
731 1005 806 1039 more
819 993 868 1038 aut
879 989 963 1040 mixto
976 991 1035 1040 iure
1048 990 1208 1041 introducta
1221 997 1271 1044 est.
1291 991 1369 1058 Lege

227 1071 372 1125 duodecim
391 1059 548 1125 tabularum
567 1074 599 1124 de
619 1074 733 1124 famosis
756 1068 936 1134 carminibus,
956 1074 1083 1126 membris
1106 1078 1194 1142 ruptis
1213 1082 1240 1126 et
1260 1077 1368 1128 ossibus

224 1158 341 1212 fractis)
376 1161 475 1212 Festus
494 1176 520 1225 p.
534 1159 583 1211 181
596 1149 905 1210 M.'‘0ccentnssint
923 1156 984 1224 (lep.
1004 1158 1238 1225 occentassit)
1259 1160 1368 1225 antiqui

227 1243 359 1294 dicebant
382 1244 454 1310 quod
472 1247 546 1294 nunc
570 1243 725 1294 conuicium
749 1242 850 1293 feeerit
873 1243 1004 1307 dicimus,
1026 1245 1097 1309 quod
1119 1245 1148 1296 id
1167 1245 1241 1295 clare
1261 1250 1289 1296 et
1308 1261 1368 1294 oum

226 1327 342 1392 quodum
361 1345 462 1380 canore
480 1326 524 1392 fit,
543 1331 574 1378 ut
593 1328 689 1393 procul
709 1326 833 1378 exaudiri
850 1329 947 1392 possit.
978 1329 1049 1393 quod
1067 1333 1146 1395 turpe
1164 1329 1285 1380 habetur
1302 1330 1368 1394 quin

226 1427 280 1462 non
298 1415 359 1464 sine
378 1429 464 1466 causa
482 1401 542 1463 fieri
559 1415 693 1478 putatur.’
728 1412 849 1462 Thomas
869 1413 952 1464 Thes.
971 1429 1032 1466 nou,
1052 1414 1133 1464 latin.
1153 1430 1178 1479 p.
1192 1417 1242 1465 338
1254 1415 1291 1464 M.
1311 1419 1368 1464 ‘oc-

228 1501 340 1548 centare
360 1499 434 1549 clare
455 1501 483 1548 et
501 1502 596 1564 aperte
616 1499 789 1548 consiliare!
1114 1564 1117 1569 Ι
1243 1527 1246 1532 -

294 1585 319 1632 2.
338 1583 440 1634 Festus
453 1600 479 1648 p.
492 1585 542 1634 363
553 1582 590 1630 Μ.
610 1581 647 1647 (p.
663 1583 694 1631 12
707 1580 842 1651 Momms.)
861 1581 999 1634 ‘Talionis
1012 1584 1178 1635 mentionem
1196 1583 1255 1634 fieri
1273 1583 1302 1633 in
1314 1583 1368 1632 XII

224 1667 391 1718 aitVerrius
408 1667 462 1718 hoc
479 1667 571 1717 modo:
591 1667 636 1716 ‘si
654 1704 661 1718 .
681 1705 688 1720 .
708 1707 713 1720 .
734 1705 740 1718 .
760 1665 857 1729 Neque
875 1665 903 1716 id
922 1666 1144 1734 quidsignifieet
1161 1669 1287 1741 indicat⁸
1302 1671 1368 1734 puto

224 1752 289 1816 quia
310 1755 405 1802 notum
430 1757 487 1804 est:
510 1752 646 1817 permittit
670 1751 741 1801 enim
764 1750 810 1800 lex
832 1766 928 1816 parem
945 1753 1118 1804 uindictam!
1157 1753 1265 1805 Gellius
1283 1753 1317 1804 N.
1335 1751 1369 1806 A.

223 1835 275 1886 XX
294 1838 323 1901 1,
344 1839 361 1886 4
379 1835 529 1887 ‘Nonnulla
554 1839 647 1886 autem
665 1837 695 1884 in
716 1835 780 1886 istis
798 1834 906 1898 legibus
925 1852 978 1886 nec
997 1839 1149 1889 consistere
1169 1838 1277 1902 quidem
1296 1835 1370 1887 sieut

223 1918 280 1970 dixi
298 1921 360 1972 uisa
379 1928 456 1985 sunt,
479 1919 557 1972 uelut
579 1919 632 1988 illa
652 1919 697 1970 lex
715 1918 827 1968 talionis
851 1921 929 1973 cuius
952 1921 1038 1971 uerba
1060 1923 1116 1974 nisi
1137 1924 1269 1973 memoria
1292 1921 1369 1972 fallit

223 2005 294 2054 hae'c
312 2009 389 2055 sunt:
409 2007 454 2055 ‘si
472 2042 478 2056 .
498 2043 504 2056 .
526 2008 543 2054 .’
568 2005 604 2054 cf.
624 2005 655 2066 ἐξ
673 1997 706 2055 33
724 2019 783 2069 sqq.
807 2003 872 2054 XVI
891 2007 931 2067 10,
951 2005 967 2054 8
990 2005 1104 2069 (Τ61).Ι
1126 2007 1160 2060 fr.
1180 2005 1232 2069 10).
1268 2007 1369 2058 Festus

222 2105 249 2154 p·
262 2090 312 2142 264
324 2089 362 2139 Μ.
381 2091 510 2156 ‘rupsit
526 2091 556 2138 in
569 2088 699 2154 (rupitias
711 2091 768 2140 cod.
781 2105 850 2141 corr.
863 2087 942 2152 Scul.)
956 2089 1009 2140 Xll
1024 2089 1165 2155 signifieat
1180 2090 1309 2152 damnum,
1324 2092 1368 2142 ds-

223 2173 316 2224 derit’
343 2174 429 2226 Gaius
447 2176 515 2228 Inst.
527 2173 570 2224 III
587 2176 637 2227 223
656 2175 761 2227 ‘Poena
780 2176 873 2223 autern
890 2171 1053 2224 iniuriarum
1072 2190 1106 2224 ex
1118 2174 1181 2240 lege
1193 2175 1246 2225 XII
1258 2174 1367 2226 tabula-

215 2269 283 2308 'rum
305 2261 418 2324 propter
436 2260 586 2309 membrum
604 2258 713 2324 quidem
731 2262 841 2323 ruptum
859 2257 928 2308 talio
953 2261 1031 2309 erat)
1066 2258 1104 2309 id.
1122 2259 1191 2311 Inst.
1208 2261 1240 2325 4,
1258 2259 1287 2325 4,
1307 2259 1322 2319 ἕ
1342 2262 1366 2310 7.

223 2334 328 2395 Paulus
342 2344 417 2394 Seni.
432 2345 480 2398 cit.
495 2343 529 2393 ad
543 2346 567 2394 1.
586 2344 623 2394 61.
641 2344 803 2393 Priscianus
820 2358 847 2407 p.
866 2345 914 2393 103
933 2342 990 2392 Ρ.Ι
1009 2359 1037 2408 p.
1050 2344 1100 2393 254
1112 2345 1147 2394 H.
1167 2349 1176 2376 ‹
1185 2344 1369 2408 Cato-tamen

223 2443 253 2479 os
267 2429 387 2493 protulit
409 2431 438 2479 in
456 2429 513 2479 1111
531 2427 680 2494 Originum
707 2424 747 2494 [p.
765 2429 795 2478 it
820 2427 887 2477 fr.5
909 2424 1011 2492 Iord.]:
1037 2427 1065 2478 si
1081 2429 1164 2492 quis
1187 2431 1367 2482 membrum

223 2513 314 2578 rupit
337 2519 396 2570 aut
419 2528 453 2564 os
473 2513 591 2581 fregit,
617 2512 748 2563 talione
764 2513 939 2578 proximus
963 2517 1131 2578 cognatus
1155 2513 1366 2587 ulciscitur!

144 2631 146 2635 -
219 2595 331 2663 (isidor.
350 2599 398 2655 Or.
414 2600 440 2651 V
455 2599 498 2664 21,
516 2597 569 2663 24.)

233 2686 237 2693 ’
290 2686 315 2734 3.
336 2681 570 2752 6611661166.
595 2681 699 2732 Paulus
717 2681 735 2732 1.
756 2681 858 2748 singul.
876 2682 1063 2734 ‘Iniuriarum'
1075 2684 1149 2736 actio
1170 2687 1219 2734 aut
1242 2683 1367 2750 legitima

221 2771 267 2828 'est
284 2772 333 2818 aut
350 2768 507 2825 honoraria.
531 2766 670 2834 Legitima
688 2783 722 2835 ex
741 2766 803 2832 lege
822 2765 966 2818 duodecim
985 2767 1154 2818 tabularum:
1174 2770 1219 2833 qui
1236 2769 1370 2844 iniuriam·

309 2910 472 2984 ismenbri
486 2925 568 2981 Gellii
582 2924 653 2996 1166.
675 2913 755 2980 duri
777 2924 856 2980 Voss.
872 2928 940 2981 min.
1003 2927 1094 2999 rupsit
1113 2927 1271 2998 scripsisse
1286 2927 1369 2985 Festi
1416 2998 1419 3003 Ι

222 3011 283 3066 1666
294 3027 326 3082 p.
345 3014 403 3067 264
420 3009 600 3082 6866119666
615 3014 754 3076 correcto,
771 3015 802 3064 ul
818 3009 903 3064 uoluit
922 3010 1072 3066 Turnebus
1085 3011 1156 3069 Α616.
1172 3011 1237 3066 XV
1250 3016 1301 3066 15.-
1317 3030 1366 3069 ru-

223 3096 264 3169 pit
280 3095 383 3152 Gellius
398 3095 611 3170 rapsenrriesu
620 3111 653 3164 p.
662 3098 720 3150 363
734 3095 814 3149 codd.
829 3093 891 3149 Vol.
909 3082 993 3148 1641)-
1003 3097 1087 3149 2731.
1106 3097 1178 3168 rapit
1192 3097 1254 3152 cod.
1271 3097 1365 3155 Ursiu.

183 3220 190 3234 .
222 3179 399 3238 1161166161.
415 3199 443 3236 6.
454 3184 528 3236 1510
538 3180 614 3235 unde
623 3179 710 3253 repsit
723 3177 843 3234 Ursinus
854 3179 969 3251 rupitias
983 3176 1031 3255 (6.6
1043 3179 1154 3252 ‘repsit'
1166 3176 1293 3255 16)]1666·
1303 3184 1365 3239 cod.

217 3283 250 3336 p.
272 3269 331 3321 264
358 3264 469 3339 (rupilio
490 3264 577 3320 Pauli
596 3278 660 3320 666.
681 3264 755 3338 rupit
776 3263 803 3317 in
824 3261 1016 3319 Mommseuus
1035 3263 1112 3319 Mur.
1135 3263 1216 3320 rlreu.
1237 3265 1289 3336 pla.
1305 3267 1369 3334 XV

220 3366 250 3421 p.
269 3344 351 3424 464).
402 3352 492 3405 ninum
509 3350 578 3405 Gell.
594 3349 665 3421 1166.
676 3365 727 3420 pr.
745 3351 787 3416 (ul
802 3349 926 3415 uidetur)
951 3348 1029 3404 Voss
1044 3351 1111 3404 min.
1128 3348 1245 3408 SGerm.
1261 3353 1287 3406 in
1303 3369 1363 3408 curn

204 3434 305 3490 'Festi
325 3433 481 3490 1611549
504 3436 593 3492 uisum
614 3450 675 3490 oum
695 3432 751 3489 Ed.
768 3431 1022 3503 6616666666
1045 3429 1083 3510 (s.
1104 3429 1183 3509 meti)
1207 3435 1364 3510 (16111166.

222 3509 274 3574 lu.²
289 3519 358 3576 dit·
414 3536 446 3575 eo
467 3522 540 3594 pacit
554 3521 676 3575 Festus:
694 3525 790 3598 epseto
815 3513 839 3592 (c
858 3526 938 3592 pacto
960 3518 1021 3591 dil.)
1039 3519 1122 3575 Gellii
1134 3521 1206 3576 libri.
1230 3521 1257 3576 in
1273 3538 1364 3578 eume

221 3611 301 3678 paolo
319 3603 441 3661 Caulius.
512 3599 585 3680 esto]
609 3611 651 3659 est
671 3602 938 3660 1166111611649.
1024 3603 1052 3660 3.
1074 3619 1155 3660 manu
1171 3605 1272 3662 iustine
1293 3607 1315 3662 si
1334 3624 1364 3663 os

220 3689 422 3746 Lucbmunuus
438 3693 467 3746 iu
480 3689 583 3745 Annul.
598 3690 765 3746 scientiar.
781 3688 847 3744 hist.
859 3689 890 3746 X
901 3692 954 3744 311
960 3711 970 3744 .·
985 3688 1144 3745 manilcstos
1159 3691 1221 3746 cod.
1240 3690 1364 3749 1666611.

210 3773 380 3830 manifestus
403 3774 484 3831 Vua
502 3771 540 3850 (iu
555 3775 652 3830 Berol.
674 3791 716 3830 66.
737 3773 849 3830 luerunt
869 3781 897 3829 61
917 3773 1048 3847 speciales
1066 3769 1103 3812 4-
1120 3774 1203 3848 lregit
1218 3774 1282 3848 om.)
1303 3777 1362 3833 illa:

221 3859 262 3914 ‘si
279 3860 339 3934 quis
356 3877 387 3915 os
403 3859 535 3916 Blumius
561 3860 620 3915 illo:
637 3856 1090 3915 ε661661661161661166611666.
1157 3849 1362 3938 trecentopum)

221 3944 244 4000 si
265 3943 469 4001 Lacbmuunus
491 3943 560 4022 (‘si'
580 3946 638 3998 1666
659 3945 790 4000 Blumius
810 3937 903 4018 add.):
920 3952 1064 4001 trecentos
1087 3944 1168 4001 Ver-c.
1184 3944 1282 4002 Borol.
1304 3946 1363 4002 CCC

228 4029 309 4086 Viud.
326 4033 441 4086 trecenti
457 4027 521 4106 (om.
537 4022 571 4104 si)
588 4029 973 4100 Η6661ι11661161666.118.
1032 4025 1084 4106 ut]
1103 4030 1135 4086 ad
1158 4029 1238 4085 Vinci.
1297 4047 1363 4104 poe-

220 4131 280 4169 nam
297 4108 406 4170 subitur
421 4131 453 4169 ex
472 4115 615 4170 tertiorum
636 4116 734 4170 Burol.
753 4115 835 4171 Vere.
850 4131 966 4189 poenam
982 4131 1034 4171 om.
1050 4115 1169 4186 reliquis
1190 4114 1373 4172 lindunae

221 4199 390 4254 Huschlu'us
411 4214 497 4271 poena
513 4197 547 4262 ξ,
562 4203 581 4258 1.
598 4214 622 4256 6.
638 4216 724 4274 poena
746 4207 837 4257 sunto.
899 4201 1089 4276 sestertiorum
1105 4207 1135 4256 ut
1149 4200 1238 4257 Pauli
1251 4203 1362 4260 addila·

221 4293 344 4342 nlerrlum
359 4285 473 4339 seclusi.
490 4347 493 4352 ¹
