3282 4970
691 276 830 326 naevus
853 277 884 324 v.
1300 261 1359 327 127

772 431 801 494 3.

299 563 358 612 vul
381 563 550 612 Luctsslu
573 563 684 613 SVPER
706 559 858 611 Pucvruc
881 563 1064 612 ‘IV'IELAVE
1088 564 1175 613 SVAE
1198 565 1272 630 REI,
1302 565 1360 614 ITA

216 667 271 716 IVS
294 667 394 716 ESTO.
1072 681 1074 686 '

282 870 307 918 3.
327 866 440 932 leian.
454 865 487 918 fr.
500 865 541 915 XI
554 866 586 914 14
604 864 797 916 ‘Testamento
811 879 919 930 quoque
932 865 1094 917 nominatim
1106 869 1212 917 tutores
1225 864 1284 916 dati
1296 881 1361 918 cou-

213 950 357 1002 firmantur
376 947 473 1001 eadem
492 949 554 1015 lege
572 949 717 999 duodecim
734 950 893 1000 tabularum
916 950 960 1000 bis
978 949 1072 1001 uerbis
1091 951 1154 1000 ‘uti
1173 988 1180 999 .
1201 988 1207 1001 .
1227 954 1245 999 .’
1275 950 1361 1002 Gaius
1397 1011 1400 1020 Ι

213 1035 281 1086 Iust.
300 1035 329 1085 II
347 1037 397 1085 224
416 1033 483 1086 ‘Sed
501 1034 566 1084 olim
584 1033 693 1098 quidem
710 1032 815 1084 licebat
833 1039 920 1084 totum
938 1036 1133 1100 patrimonium
1155 1035 1258 1100 legatis
1277 1040 1360 1100 atque

213 1117 392 1171 libertatibus
411 1134 527 1186 erogare
546 1134 597 1168 nec
616 1119 762 1183 quicquam
781 1119 878 1170 heredi
891 1119 1047 1184 relinquere
1060 1124 1171 1184 praeter
1184 1135 1264 1184 quam
1278 1120 1361 1170 inane

212 1219 313 1255 nomen
331 1203 455 1266 heredis3
474 1201 556 1268 idque
576 1201 621 1254 lex
639 1203 693 1254 XII
710 1203 868 1254 tabularum
886 1205 1046 1269 permittere
1063 1203 1220 1268 uidebatur,
1240 1218 1296 1267 qua
1315 1219 1361 1253 ca-

212 1293 295 1340 uetur
306 1292 336 1338 ut
351 1288 422 1354 quod
441 1288 555 1353 quisque
575 1287 608 1338 de
627 1303 656 1338 re
675 1302 726 1337 sua
744 1291 865 1338 testatus
885 1291 971 1348 esset,
991 1287 1019 1338 id
1036 1292 1126 1338 ratum
1145 1288 1304 1353 haberetur,
1317 1287 1361 1338 his

211 1371 319 1424 uerbis:
339 1374 408 1424 ‘uli
426 1409 434 1426 .
453 1415 459 1426 .
479 1377 497 1425 .'
532 1375 601 1424 Iuet.
621 1374 690 1424 lust.
708 1373 737 1423 11
755 1375 787 1422 22
805 1389 845 1438 pr.
865 1372 946 1422 ‘Cum
965 1373 1036 1422 enim
1055 1372 1120 1424 olim
1136 1373 1198 1438 lege
1217 1373 1361 1424 duodecim

212 1457 371 1508 tabularum
394 1457 485 1508 libera
510 1461 573 1508 erat
594 1457 708 1523 legendi
725 1461 865 1523 potestas,
884 1461 914 1508 ut
932 1457 1033 1508 liceret
1055 1458 1102 1511 uel
1124 1462 1211 1508 totum
1228 1458 1361 1524 patrimo-

211 1543 288 1592 nium
309 1542 412 1608 legatis
438 1558 566 1608 erogare:
589 1543 689 1608 quippe
708 1559 742 1594 ea
764 1542 827 1608 lege
849 1543 892 1592 ita
914 1546 1024 1593 cautum
1044 1547 1087 1592 est
1107 1543 1172 1592 ‘uti
1185 1581 1191 1593 .
1206 1581 1211 1592 .
1227 1547 1245 1592 .'
1281 1542 1361 1616 Pom·

213 1643 277 1694 pon.
295 1627 315 1680 l.
328 1627 353 1678 V
372 1627 407 1676 ad
426 1628 459 1690 Q.
479 1628 608 1678 Mucium.
627 1627 691 1693 Dig.
706 1628 747 1689 to,
768 1628 810 1692 16,
830 1629 879 1678 120
898 1627 1009 1679 ‘Verbis
1027 1627 1098 1693 legis
1117 1628 1261 1679 duodecim
1279 1627 1361 1679 tabu-

213 1713 302 1764 larum
320 1711 365 1762 his
384 1711 475 1765 ‘uli.
497 1749 503 1762 .
523 1751 529 1762 .
548 1711 689 1763 latissima
706 1714 832 1778 potestas
849 1711 956 1762 tributa
974 1711 1082 1763 uidetur
1107 1717 1135 1763 et
1152 1712 1261 1764 heredis
1278 1711 1359 1764 insti·

213 1797 313 1859 tuendi!
323 1800 351 1846 et
363 1796 460 1862 legata
479 1800 507 1846 et
523 1795 665 1846 libertatis
678 1795 777 1860 dandi,
797 1796 900 1847 tutelas
918 1812 1025 1862 quoque
1045 1796 1240 1850 constituendi’
1260 1814 1283 1851 e,
1299 1812 1323 1862 q.
1337 1811 1359 1848 s.

212 1881 320 1934 Novell.
338 1880 407 1934 Inst.
427 1883 474 1944 22,
494 1883 509 1930 2
527 1896 568 1945 pr.
592 1877 783 1943 νομοθετείτω
803 1879 854 1943 μὲν
876 1879 929 1944 γὰρ
948 1879 1062 1933 ἕκαττοτ
1081 1881 1127 1934 ἐπὶ
1145 1885 1205 1934 'tote
1224 1881 1312 1934 αὑτοῦ
1324 1881 1360 1932 τὰ
1389 1949 1392 1956 ι

213 1962 323 2030 εἰκότα,
348 1965 393 2016 καί
416 1963 488 2016 {criu
513 1963 599 2027 νόμοτ
622 1962 640 2027 ἡ
660 1963 766 2016 τούτου
785 1964 887 2029 βουλή,
911 1964 1038 2030 καθάπερ
1061 1966 1106 2017 καὶ
1130 1965 1146 2017 ὁ
1170 1965 1360 2018 παλαιότατα(
1454 1972 1457 1978 ’

213 2049 282 2114 ἡμῖν
300 2047 479 2112 τῶν-νόμων
503 2049 548 2101 καί
567 2051 681 2113 πρῶτος
700 2048 799 2113 (χεδὸν
821 2048 876 2112 τὴν
900 2048 1045 2101 πολιτείαν
1063 2048 1209 2113 Ῥωμαίοις
1231 2049 1360 2122 brondius

212 2135 279 2200 φητί
299 2132 404 2200 (φαμὲν
422 2131 453 2185 δὲ
470 2132 523 2184 τὸν
541 2132 774 2198 δυοδεκάδελτον)
793 2133 865 2185 κατὰ
876 2133 932 2197 τὴν
944 2131 1063 2199 ἀρχαίαν
1081 2135 1126 2186 nol
1139 2134 1259 2200 πάτριον
1270 2135 1361 2198 γλῶτ-

213 2233 266 2270 ταν
284 2217 389 2271 οὕτωτί
407 2233 464 2270 που
483 2217 576 2281 λέγων
595 2221 680 2273 ‘uti.
696 2257 701 2268 .
717 2223 735 2269 .’
769 2219 851 2272 Rhet.
872 2220 907 2269 ad
926 2220 1075 2271 HerennI
1095 2223 1134 2279 13,
1154 2222 1187 2272 23
1206 2221 1258 2270 ‘Ex
1277 2220 1359 2272 ratio·

214 2305 355 2355 ¹cinctione
375 2304 570 2356 controuersia
590 2308 711 2364 constat,
731 2319 792 2354 cum
815 2319 860 2365 res
883 2306 944 2355 sine
963 2304 1074 2370 propria
1092 2303 1155 2370 lege
1177 2305 1255 2355 uenit
1273 2305 1301 2355 in
1318 2306 1360 2356 iu-

212 2389 328 2454 dicium,
354 2405 425 2454 quae
449 2393 543 2440 tamen
568 2389 603 2440 ab
628 2388 692 2440 aliis
720 2388 829 2455 legibus
853 2388 1032 2439 similitudine
1057 2388 1174 2453 quadam
1200 2393 1360 2454 occupatur.

212 2474 255 2526 Ea
275 2478 319 2526 est
336 2474 417 2526 huius
436 2473 524 2524 modi:
549 2475 608 2525 Lex
628 2471 691 2540 [est]
801 2478 829 2523 et
846 2473 906 2524 lex:
930 2471 1210 2526 ‘Paterfamilias
1234 2475 1284 2525 uti
1298 2512 1304 2524 .
1319 2511 1325 2524 .
1340 2477 1358 2529 .’

213 2558 330 2623 (Eadem
349 2576 394 2625 ap.
414 2557 471 2610 Cic.
490 2559 524 2608 de
541 2560 602 2609 Inu.
621 2561 713 2622 1150,
735 2558 783 2608 148
807 2559 859 2608 ‘Ex
878 2559 1092 2608 ratiocinatione
1110 2560 1235 2613 nascitur
1254 2566 1360 2611 contro-

211 2645 318 2709 uersia,
338 2660 399 2694 cum
419 2661 452 2696 ex
471 2661 504 2696 eo
523 2643 596 2709 quod
613 2644 723 2710 uspiam
743 2646 800 2708 est,
819 2641 901 2693 adid
924 2643 996 2708 quod
1014 2659 1147 2709 nusquam
1165 2646 1298 2710 scriptum
1316 2650 1360 2696 est

211 2729 322 2779 uenitur
339 2729 391 2781 hoc
409 2733 506 2795 pacto:
525 2731 585 2781 Lex
606 2769 611 2782 .
632 2767 637 2778 .
660 2769 666 2784 .
686 2734 714 2779 et
729 2725 790 2778 lex:
811 2727 1091 2780 ‘Paterfamilias
1109 2731 1181 2782 uti.
1197 2729 1230 2793 .’)
1254 2729 1359 2780 Paulus

211 2813 229 2864 l.
248 2811 314 2864 LIX
333 2814 368 2864 ad
386 2812 524 2865 Edictum.
543 2815 607 2880 Dig.
626 2815 668 2882 60,
688 2815 729 2873 16,
749 2814 782 2863 te
799 2828 839 2877 pr.
864 2812 966 2880 ‘Saepe
987 2814 1028 2864 ita
1047 2818 1236 2880 comparatum
1256 2819 1309 2878 est,
1329 2819 1360 2865 ut

212 2899 361 2949 coniuncta
379 2915 428 2965 pro
447 2898 595 2950 disiunctis
613 2898 789 2963 accipiantur
807 2901 835 2948 et
853 2893 994 2950 disiuncta
1011 2914 1061 2963 pro
1081 2891 1250 2964 coniunctis,
1273 2900 1359 2950 inter·

297 3116 325 3172 3.
345 3116 389 3172 vti
404 3117 518 3191 legassit
539 3114 692 3188 libainais,
709 3113 812 3186 Gaius,
829 3113 1018 3188 Pomponiae,
1034 3114 1105 3172 Inst.
1122 3107 1204 3174 codd.
1221 3122 1295 3188 opt:
1316 3119 1358 3174 uti

212 3202 274 3274 quIs
294 3200 312 3255 l.
331 3215 354 3256 e.
377 3203 438 3276 quis
453 3203 494 3257 uti
515 3201 569 3275 leg.
590 3218 613 3259 s.
633 3203 673 3258 uti
689 3200 741 3273 leg.
760 3199 821 3274 quis
837 3185 863 3256 ss
877 3202 917 3258 uti
934 3202 1050 3276 quisque
1065 3202 1119 3276 leg.
1135 3201 1209 3259 Inst‘.
1225 3202 1293 3258 libri
1306 3203 1357 3260 dli.

210 3285 340 3360 (legasset
351 3281 495 3361 plerique)
514 3287 554 3342 uti
569 3285 624 3361 leg.
642 3285 882 3362 quisque-‘Novati
945 3286 1141 3343 Paterfamilias
1156 3287 1197 3344 uti
1212 3317 1255 3330 -
1269 3287 1358 3360 legas·

209 3372 246 3426 sit
260 3369 312 3442 (ila
329 3368 385 3428 Cic.
398 3365 499 3428 Paria.
508 3369 569 3444 pr.)
584 3387 608 3428 s.
622 3372 743 3447 legasset
753 3367 940 3442 (Trossianus
954 3364 1050 3444 Par.²)
1062 3387 1085 3429 s.
1100 3373 1234 3446 legauerit
1245 3373 1355 3446 (Turio.
1455 3392 1466 3408 r

210 3455 311 3512 Bamb.
323 3472 388 3513 eam
403 3456 485 3513 codd.
498 3454 594 3529 atet.)
609 3460 712 3515 ceteris
727 3459 903 3526 interpositis
917 3455 1015 3513 Cicero
1030 3464 1057 3512 et
1073 3458 1191 3515 liberor.
1213 3475 1296 3533 super
1310 3475 1357 3533 pe·

210 3535 292 3598 cunici
308 3541 444 3599 tutelabae
465 3557 531 3598 suae
546 3543 587 3598 rei
607 3542 672 3615 Ulp.
687 3542 768 3597 cod:
789 3558 873 3615 super
887 3543 1019 3616 pecuniae
1040 3543 1178 3600 tutelacue
1199 3560 1264 3600 suae
1280 3543 1357 3599 Pau·

171 3619 190 3652 ⁴*
209 3627 255 3682 lus
275 3628 351 3697 quod
377 3625 508 3700 defendit
535 3625 633 3684 Ouiae.
659 3631 689 3684 in
718 3627 825 3683 adnot.
841 3634 869 3682 et
894 3625 1063 3686 Huscblcios
1091 3628 1166 3685 Mus.
1192 3629 1275 3684 elien.
1300 3633 1356 3686 τάν.

216 3709 277 3767 VII
281 3728 313 3782 p.
329 3715 367 3766 67
388 3713 424 3769 cl.
441 3711 640 3770 Reddimunni
655 3713 780 3770 Gromm.
806 3713 856 3768 lul.
877 3713 944 3770 inst.
965 3711 1003 3769 ΙΙ
1021 3715 1079 3770 335
1095 3712 1195 3771 Stetit.
1217 3715 1252 3769 de
1274 3730 1357 3788 super

208 3813 233 3852 c.
248 3802 341 3868 penei.
365 3815 448 3871 snper
466 3797 568 3854 familia
585 3801 734 3873 pecuniane
753 3813 802 3854 suu
820 3796 905 3859 atet.
931 3802 960 3853 et
979 3797 1035 3854 Cic.
1058 3815 1122 3856 suae
1140 3801 1179 3855 roi
1197 3797 1241 3869 (de
1260 3815 1290 3854 re
1308 3816 1356 3856 sua

212 3881 293 3952 Not.)
309 3886 419 3940 omissis
433 3889 481 3940 cti.
498 3882 587 3940 Gaius
598 3883 772 3958 Pomponius
789 3880 860 3938 Insl.
874 3883 945 3940 Noc.
958 3884 1099 3955 probante
1116 3901 1182 3942 cum
1197 3884 1234 3940 ol.
1249 3883 1356 3940 Schra-

211 3968 281 4024 dero
296 3969 336 4023 ad
351 3966 423 4024 Insl.
438 3970 456 4023 l.
472 3969 491 4024 l.
519 3986 543 4024 s.
559 3986 585 4042 p.
601 3977 623 4026 t.
640 3985 725 4028 suane
739 3984 769 4024 re
785 3967 871 4040 Hupo
886 3967 927 4024 H.
943 3966 969 4024 Ι.
980 3985 1014 4040 p.
1033 3973 1089 4026 166
1107 3972 1162 4039 (ed.
1179 3972 1220 4035 8).
1251 3987 1274 4024 s.
1290 3987 1316 4043 p.
1335 3979 1356 4025 t.

208 4070 256 4110 sua
272 4053 364 4109 Noodl
381 4051 459 4109 Obss.
476 4050 514 4108 II
526 4056 568 4111 19.
589 4071 672 4129 super
687 4053 788 4112 familia
802 4055 918 4129 pecunia
935 4054 1055 4111 tutelaue
1070 4072 1136 4112 suae
1151 4055 1191 4111 rei
1202 4060 1271 4124 post
1286 4055 1357 4111 elice

208 4155 255 4210 ep.
271 4136 418 4194 Merulam
428 4135 597 4195 Heraclidas
611 4141 629 4196 l.
643 4141 660 4196 l.
678 4141 786 4212 dispp.
802 4143 831 4194 in
846 4140 933 4196 cerba
955 4139 1069 4212 Ulpiani
1082 4142 1190 4210 recepit
1213 4139 1355 4196 Boeelcin-

206 4228 272 4296 pius
286 4224 456 4295 obloquente
471 4222 621 4282 Huseltlcio
635 4229 698 4296 ipso
712 4229 743 4282 in
758 4225 803 4280 ed.
821 4223 884 4295 Ulp.
940 4208 1005 4282 suad
1020 4226 1061 4282 rei
1077 4227 1200 4285 dativum
1213 4231 1290 4282 reete
1305 4239 1357 4282 ee·

203 4311 296 4382 plicat
312 4309 497 4380 Sebillinpius
510 4311 541 4365 in
556 4309 629 4366 obss.
646 4311 681 4366 de
696 4311 760 4368 laist.
776 4312 833 4368 ίαν.
850 4326 921 4366 rom.
936 4327 968 4384 p.
985 4313 1031 4368 97.
