3282 4970
354 255 401 302 aa
425 255 477 302 xn
500 253 713 302 rnnvnnavn
736 254 913 314 nanrcvns
942 251 1232 302 consrmvnnms.
1311 237 1371 300 109

220 431 283 476 vem
301 407 472 496 [debebam
496 410 582 494 bore]
597 420 708 474 aurato
722 428 858 474 caremus
872 429 935 474 esse
946 411 1114 487 saturum,
1135 406 1180 472 id.
1196 431 1229 476 v.
1247 407 1297 484 11.
1315 409 1364 480 15.

220 512 270 577 19.
294 512 334 576 Τ.
352 511 477 577 XXIII
490 511 533 576 49
554 516 613 575 ‘ast
634 522 666 577 tu
681 517 734 589 (ea
750 517 794 575 ita
805 513 924 587 saras,
946 520 1017 574 tunc
1037 514 1092 574 tibi
1110 515 1242 590 nomine
1261 517 1370 590 calleat

214 617 351 691 fratrum
364 619 519 679 Arvalium
534 618 626 678 bubus
641 617 776 689 aaroni
791 615 903 677 duobus
917 631 1053 677 vovemus
1067 631 1130 676 esse
1141 614 1309 692 futuru)m’
1324 653 1366 661 —

217 714 304 780 idem
320 714 539 804 supplendum
554 715 599 782 ib.
611 716 706 797 aaa,
722 714 779 781 ubi
793 715 972 781 Mariniua:
997 719 1106 794 ‘(quod
1119 717 1365 795 bodie-vovimus)

218 828 290 882 tune
303 823 358 883 riti
370 825 401 882 ta
416 822 628 883 eademnerta
643 816 775 903 nomine
789 824 896 896 collect
909 839 937 882 e.
952 840 984 904 q.
1001 817 1073 902 s.)';
1089 815 1128 880 T.
1143 816 1231 882 XIX
1245 825 1305 901 ter,
1321 818 1365 882 cf.

218 943 252 984 v.
266 919 286 984 8
303 925 404 984 ‘arxis
419 931 489 985 tuac
505 925 566 985 tibi·
579 927 610 984 in
625 911 731 985 eudem
745 924 855 985 verbo’
873 942 900 983 e.
917 941 948 1006 q.
965 943 991 984 s.
1015 918 1154 1005 denique
1170 918 1210 983 T.
1227 916 1260 983 V
1281 929 1366 984 extr.

217 1029 251 1086 et
266 1021 306 1087 Τ.
322 1019 427 1087 XXX
441 1044 500 1104 -3
517 1031 587 1087 tum
603 1045 645 1088 ex
660 1021 827 1088 Ciceronis
843 1020 971 1106 legibus
987 1020 1093 1103 1113,
1109 1020 1129 1084 9
1151 1009 1227 1084 ‘Ast
1246 1025 1367 1100 quaudo

218 1127 507 1202 carlomannus,
529 1129 700 1190 discordiae
719 1129 828 1189 ciuium
854 1134 970 1199 escunt,
996 1141 1088 1187 oenus
1109 1143 1148 1187 nc
1166 1129 1294 1204 amplius
1312 1143 1368 1187 sear

218 1245 391 1290 meuses-
415 1233 533 1305 taneta,
563 1232 635 1291 ‘ast
663 1231 785 1306 quando
813 1232 948 1292 consuas
975 1231 1153 1303 mutiriane
1175 1231 1286 1306 populi
1312 1246 1367 1289 nec

143 1325 145 1328 ’
218 1339 321 1406 munt,
336 1334 447 1408 reliqui
459 1336 656 1408 mactabatur
670 1349 707 1394 ae
721 1335 829 1394 santo)
850 1331 883 1411 4,
902 1327 942 1392 10
964 1331 1004 1389 ‘A
1009 1331 1131 1406 etquid
1143 1333 1202 1392 erit
1215 1332 1296 1408 quod
1308 1349 1367 1392 ex-

218 1441 269 1494 tra
283 1436 479 1510 mactaretur
497 1438 617 1497 coerari
642 1451 726 1496 ocsus
745 1437 798 1513 rit,
824 1437 877 1510 qui
894 1441 992 1494 coeret
1011 1435 1144 1508 popular
1164 1437 1288 1495 aeota!
1328 1431 1365 1494 11

219 1536 570 1611 ε1111111111111111111111111
585 1541 615 1598 in
631 1538 763 1617 urenda,
782 1538 876 1611 fraus
896 1537 1008 1596 actoris
1022 1531 1127 1616 estest)
1146 1579 1153 1596 .
1170 1579 1178 1597 .
1197 1579 1205 1597 .
1226 1531 1282 1617 qni
1301 1531 1366 1596 loci

219 1655 254 1697 se
268 1634 410 1700 invicem
425 1634 607 1702 defendunt
619 1636 661 1702 ab
672 1635 824 1723 improba
834 1633 983 1722 priorum
995 1631 1156 1698 editorum
1164 1634 1367 1700 correctione

219 1743 279 1800 ‘ost
292 1740 341 1800 εἰ)
363 1735 429 1802 Sed
445 1738 479 1802 in
493 1738 544 1802 his
560 1738 722 1826 exemplis
744 1737 824 1824 quid
844 1736 987 1801 maxime
1008 1756 1121 1801 ansam
1140 1737 1298 1822 praebeat
1319 1736 1366 1802 in·

171 1893 175 1898 ,
218 1837 462 1925 terpretationis
483 1839 569 1923 eius,
597 1862 696 1927 quam
717 1837 935 1905 Buechelerus
962 1835 1080 1920 voluit,
1106 1860 1172 1905 non
1197 1825 1366 1925 assequcr.

219 1939 323 2006 Immo
353 1951 470 2028 sponte
506 1941 690 2006 inculcatur
719 1939 1020 2007 condicionalis
1055 1940 1282 2026 particulae
1310 1963 1365 2007 no·

219 2041 309 2127 tio.²)
342 2043 456 2130 'Atque
488 2041 577 2108 idem
600 2042 777 2128 persuadet
802 2040 899 2107 huius
927 2039 1063 2107 voculae
1092 2042 1126 2106 in
1145 2042 1223 2126 [XII
1243 2042 1365 2109 tabulis

218 2163 309 2209 usus.
332 2143 417 2208 Nam
432 2146 535 2212 verba
550 2145 652 2211 citata
667 2144 756 2232 apud
771 2145 905 2209 Festum
921 2165 953 2229 p.
972 2142 1033 2208 162
1048 2150 1124 2208 ‘ast
1143 2151 1179 2208 ei
1195 2156 1293 2208 eustos
1311 2165 1366 2209 uec

218 2251 305 2310 escit'
326 2246 414 2334 quod
435 2248 630 2334 interpretes
653 2247 695 2312 ad
716 2247 823 2332 legem
845 2244 886 2310 de
906 2244 1025 2310 furiosi
1044 2246 1212 2312 curatione
1233 2245 1265 2310 V
1282 2246 1300 2310 7
1322 2247 1365 2312 ab

219 2348 364 2415 Auctore
384 2347 427 2412 ad
442 2348 587 2414 Herenn.
604 2358 637 2414 et
652 2347 810 2414 Cicerone
825 2345 960 2413 liberius
982 2339 1138 2420 traditam
1158 2348 1365 2431 rettulerunt,

219 2459 306 2516 reete
321 2448 358 2515 id
373 2449 519 2538 quidem:
537 2450 633 2515 modo
648 2473 689 2516 ne
706 2473 780 2516 eam
794 2451 843 2516 ita
856 2449 1092 2515 constituamus
1114 2458 1151 2515 ut
1166 2473 1187 2516 a
1208 2450 1365 2516 recentio-

218 2553 310 2618 ribus
325 2553 524 2639 quibusdam
539 2552 661 2620 criticis
677 2574 751 2617 cum
765 2574 893 2617 summa
906 2562 939 2618 ct
953 2552 1134 2618 sententiae
1146 2561 1179 2618 et
1189 2552 1365 2619 verborum

220 2653 414 2721 detrimento
431 2656 641 2722 constitutam
656 2654 753 2722 video
769 2661 806 2720 ‘st
815 2659 954 2732 furiosus
974 2661 1062 2738 escit,
1082 2661 1249 2734 adunatum
1262 2663 1364 2734 penti-

218 2761 348 2835 liumpue
362 2763 394 2821 ia
408 2777 442 2821 eo
454 2764 644 2837 pecuniaque
657 2764 722 2823 elus
730 2768 867 2840 potestas
881 2769 958 2832 esta·
973 2770 1029 2822 ast
1044 2764 1073 2822 ei
1085 2771 1183 2823 custos
1197 2779 1252 2822 aec
1266 2765 1365 2822 escit':

219 2859 408 2946 quasivero
424 2866 527 2925 ‘escit'
544 2859 641 2926 liceat
662 2859 857 2948 imperativo
879 2861 1134 2927 substituere-
1150 2861 1210 2926 sed
1229 2870 1266 2926 ut
1286 2860 1364 2926 iam·

219 2959 347 3046 pridem
365 2963 459 3027 unice
478 2962 684 3049 probabilem
704 2963 851 3029 reddidit
870 2961 1040 3028 Mamilius
1063 2969 1107 3028 ‘rt'
1121 2967 1258 3040 furiosus
1282 2971 1363 3037 escit,

220 3075 278 3128 art
291 3071 327 3129 ei
339 3076 464 3129 custos
478 3085 545 3130 uec
558 3070 667 3138 escit,
683 3071 776 3144 adan.
788 3087 820 3144 a.
837 3071 1179 3146 incommutatae?

221 3281 275 3342 ‘aa’
289 3305 349 3342 cum
362 3291 435 3342 ‘aba’
452 3290 658 3357 praepositione
676 3291 773 3343 nescio
792 3305 844 3356 quo
862 3289 1075 3356 significationis
1088 3289 1200 3343 vinculo
1214 3291 1363 3343 cohaerere

221 3381 250 3427 et
266 3377 295 3428 in
314 3377 473 3443 compositis
491 3374 641 3442 ‘aspello’,
660 3379 814 3443 ‘asporto',
833 3376 964 3428 ‘attulit’
984 3375 1101 3440 (Charis.
1120 3393 1146 3442 p.
1164 3371 1226 3443 in)
1247 3380 1362 3444 agnosci

221 3461 274 3512 fide
290 3462 433 3530 indignum
452 3466 503 3514 eet.

289 3545 309 3611 ¹)
332 3547 520 3599 Omittendum
539 3548 594 3598 fuit
610 3547 625 3608 ξ
644 3549 676 3598 10
694 3552 751 3598 ‘aet
770 3555 888 3616 poteslas
908 3552 1091 3614 permutaret
1112 3548 1280 3614 probibemit,
1302 3564 1363 3615 par·

218 3637 318 3698 scripta
335 3637 466 3685 seruanto'
486 3631 558 3699 quod
575 3632 657 3683 huius
675 3632 731 3684 loci
754 3648 809 3684 non
828 3645 889 3684 este
912 3639 988 3685 recte
1007 3635 1108 3685 statuit
1126 3635 1316 3686 Buechelcrus
1334 3639 1362 3684 in

218 3715 325 3769 Halmii
343 3720 408 3770 edit.
446 3719 482 3771 ci.
501 3719 516 3781 5
535 3720 577 3771 28.

285 3802 307 3868 ²)
327 3804 362 3857 ci.
380 3803 460 3856 modo
478 3819 539 3855 cum
557 3802 615 3855 illis
633 3804 725 3853 Fratr.
737 3801 831 3855 Arval.
850 3805 1018 3857 testimoniis
1035 3805 1170 3856 formulae
1189 3822 1222 3858 ex
1241 3807 1362 3857 carmine

218 3889 269 3940 Die
288 3889 437 3942 evocandis
456 3890 622 3954 ciritatIque
641 3887 820 3939 devorandae
839 3904 886 3955 ap.
905 3889 1027 3942 Macrob.
1046 3890 1105 3942 Sat.
1124 3892 1167 3943 III
1185 3895 1201 3944 9
1219 3893 1253 3941 ‘st'
1270 3895 1307 3942 tta
1321 3893 1361 3955 fe·

218 3977 317 4035 remim,
336 3991 412 4027 voveo
430 3977 503 4028 cotta
520 3978 613 4040 templa
630 3976 752 4039 ludosque
769 3975 908 4038 sacturum’
928 3979 957 4025 et
974 3977 1009 4026 ‘ai
1025 3976 1089 4027 baec
1105 3980 1144 4028 tta
1157 3977 1254 4040 sarcilia
1270 3983 1298 4026 ut
1315 3993 1362 4041 aaa

217 4061 294 4112 eciam
324 4064 431 4112 samiam
459 4064 663 4140 internamque,
694 4067 766 4110 tane
794 4062 907 4127 quiaquia
929 4063 977 4112 bac
1004 4069 1087 4114 aarum
1107 4063 1191 4126 sarit,
1217 4062 1260 4112 ubi
1279 4064 1361 4127 fauit,

217 4153 287 4196 recte
303 4147 400 4210 saelum
417 4151 493 4200 eata)
530 4146 648 4198 Omnino
667 4146 696 4193 in
721 4144 843 4211 antiquis
868 4147 1058 4212 precationum
1081 4147 1206 4199 1011111111
1230 4149 1362 4212 frequens

219 4235 261 4280 est
273 4248 321 4298 per
339 4232 458 4283 ‘si-tum’
477 4231 650 4292 coniunctim
669 4228 813 4280 etcum
831 4232 845 4283 Ι
863 4233 904 4295 at,
923 4235 948 4286 8.
966 4235 1009 4298 32,
1028 4233 1053 4285 7.
1073 4233 1152 4284 XXII
1169 4236 1210 4296 53,
1231 4235 1270 4283 11.
1290 4235 1361 4286 Pau·

217 4317 260 4368 lus
280 4333 339 4370 exo.
360 4335 394 4367 ex
411 4319 495 4370 Festo
514 4336 540 4384 p.
562 4319 610 4368 115
628 4331 653 4366 v.
672 4313 801 4380 lapidem.
