3282 4992
357 293 404 340 DE
426 292 621 342 vltrattnsvs
644 291 695 340 xll
718 291 932 342 TABVLARVM
954 292 1241 345 INTERPRFTIBVS.
1328 281 1368 346 31

219 446 317 512 fallor
338 445 559 534 adscripscrat
581 444 669 510 Aelii
689 453 825 530 nomen,
852 447 910 512 sed
931 447 1026 512 Lucii
1052 447 1107 513 ille
1127 448 1276 536 quidem,
1303 473 1370 516 non

179 576 183 583 ·
219 549 324 614 Sexti.
356 547 450 612 Illius
471 549 573 633 igitur
593 548 664 613 XII
684 547 873 614 tabularum
893 549 1196 637 interpretationem
1217 551 1271 617 hic
1291 575 1368 639 quo·
1414 620 1418 629 ,

219 674 282 739 que
297 672 522 736 agnoscemus.
533 648 558 734 ¹)

304 751 380 818 Huc
402 751 521 818 deinde
541 753 743 818 revocandus
771 755 820 817 est
847 753 937 819 loeus
959 753 1131 820 Plinianus
1152 754 1194 819 N.
1215 753 1260 820 H.
1285 757 1367 824 XIV

193 941 198 950 Ι
219 856 261 920 92
277 877 324 942 sq.
343 859 536 920 ‘lautissimo
557 855 642 935 apuu
659 861 775 935 priscos
795 861 865 919 uiuo
886 866 977 919 eruut
995 877 1118 920 murae
1132 862 1224 922 odore
1237 865 1368 943 condita,

218 969 251 1023 ut
271 970 401 1039 apparet
419 964 449 1022 iu
470 962 572 1022 Plauti
590 961 701 1034 sedula
722 978 800 1038 quae
814 963 908 1022 Persa
929 963 1158 1039 inscribitur...
1197 963 1368 1026 Scaeuolam

218 1080 334 1140 quoque
354 1072 383 1124 et
401 1063 537 1126 tretium
556 1070 586 1126 et
600 1066 714 1128 Ateium
739 1065 910 1140 Capitonem
930 1067 961 1124 in
982 1067 1087 1126 eudem
1107 1067 1368 1140 seutentio'suisse

217 1169 318 1244 uideo,
334 1168 474 1242 quonium
493 1168 524 1227 iu
540 1167 684 1228 Pseudolo
705 1169 743 1228 sit
757 1167 889 1243 “quodsi
906 1182 981 1243 opus
1001 1170 1070 1245 siet,
1093 1175 1125 1228 ut
1143 1170 1232 1230 dulce
1246 1179 1371 1245 promat

218 1270 368 1348 indidem,
383 1269 493 1344 ecquid
511 1265 619 1338 dubet?
634 1288 662 1329 ιε
679 1266 804 1344 docus?
824 1271 1033 1342 Murrltiuum‚
1044 1285 1184 1345 possum,
1201 1271 1365 1352 defrutum,

216 1373 344 1434 meiiu.’'
361 1367 434 1448 Quo
447 1365 589 1454 loco'pro
604 1366 718 1440 Laelio
731 1367 770 1432 L.
783 1366 915 1434 Aelium
928 1377 1005 1454 post
1016 1367 1213 1433 Maiausium
1231 1369 1364 1437 reduxit

217 1493 285 1537 van
293 1468 472 1554 Heusdius,
485 1469 644 1536 Aelium
657 1469 849 1556 simpliciter
860 1479 893 1534 et
904 1470 1054 1535 codicum
1066 1470 1366 1557 spiscopiAlerien-

218 1574 263 1658 sis
286 1572 351 1637 fide
373 1581 405 1638 et
420 1581 591 1639 auctorum
613 1572 721 1639 indice
736 1571 886 1638 Pliniano
901 1573 992 1664 nisus
1009 1571 1153 1636 restituit
1168 1571 1366 1640 Ritsohelius

218 1676 354 1760 Parerg.
371 1675 389 1740 I
404 1698 435 1761 p.
452 1676 513 1740 371
531 1698 579 1762 sq.
601 1673 663 1740 Oui
679 1684 713 1740 et
727 1676 789 1740 hae
803 1675 838 1739 in
853 1696 889 1738 re
903 1674 1065 1740 assentior
1080 1683 1113 1739 et
1128 1674 1216 1761 quod
1232 1673 1275 1740 de
1289 1676 1365 1743 Sex.

218 1776 314 1843 Aelio
330 1798 397 1842 non
411 1799 484 1843 esse
504 1800 579 1842 oum
593 1769 768 1845 Harduino
788 1774 998 1862 cogitandum
1020 1777 1145 1843 docuit:
1169 1799 1235 1841 non
1256 1801 1366 1844 assen-

216 1881 293 1964 tior,
310 1879 398 1966 quod
408 1877 665 1944 iureconsultum
680 1876 937 1970 intellegendum
949 1900 1020 1942 esse
1034 1900 1171 1964 eumque
1187 1878 1224 1943 C.
1235 1881 1364 1949 Aelium

216 1980 349 2049 Gallum
365 1981 579 2046 existimavit.
611 1981 701 2063 Quid
716 1981 804 2046 enim
816 1989 880 2062 est,
897 2003 955 2045 our
970 1979 1011 2044 de
1026 2001 1061 2044 re
1076 2001 1142 2045 non
1156 1982 1263 2046 minus
1279 1985 1362 2049 anti-

215 2085 350 2172 quitatis
367 2083 524 2150 scientiae
540 2105 637 2170 quam
657 2083 737 2148 iuris
753 2084 887 2170 propria
907 2090 1049 2168 nequeat
1069 2082 1156 2146 inter
1177 2081 1260 2149 duos
1279 2085 1364 2149 iure-

215 2185 384 2253 consultos
405 2187 504 2252 etiam
525 2186 757 2271 grammaticus
779 2184 874 2250 homo
897 2183 962 2248 dici
983 2182 1137 2249 Plautino
1161 2207 1261 2250 -versu
1284 2210 1364 2251 usus

215 2311 286 2354 esse
301 2288 346 2354 ad
361 2285 678 2354 demonstrandum?¹
695 2286 809 2374 Neque
825 2286 910 2350 enim
926 2285 1013 2371 quod
1028 2307 1128 2370 supra
1142 2285 1285 2352 vidimus
1301 2287 1362 2361 hae

216 2390 409 2479 disciplinae
425 2393 505 2460 adeo
522 2401 592 2456 tum
607 2398 779 2477 separatae
794 2389 880 2453 inter
895 2409 928 2452 se
943 2386 1086 2464 fuerunt.
1112 2387 1240 2469 Quodsi
1255 2392 1363 2479 acrius

215 2494 328 2575 instas,
344 2503 476 2579 praesto
492 2502 543 2559 est
556 2481 717 2579 ipsaXII
731 2489 919 2558 tabularum
930 2491 1157 2578 interpretatio
1171 2514 1179 2574 3
1194 2492 1229 2556 in
1243 2492 1362 2578 quibus

215 2603 347 2661 cautum
371 2594 452 2677 fuit,
476 2617 517 2659 ne
537 2603 684 2658 murrata
708 2594 799 2680 potio
819 2603 947 2658 mortuo
975 2592 1144 2657 inderetur
1163 2593 1284 2676 (Varro
1307 2618 1361 2681 ap.

214 2697 348 2762 Festum
362 2720 395 2784 p.
414 2695 473 2762 158
489 2697 566 2781 M.):
590 2705 688 2783 atque
703 2696 736 2761 id
751 2697 860 2782 ipsum
875 2695 941 2760 iam
957 2694 1182 2760 Gothofredus
1198 2694 1241 2759 ad
1256 2697 1362 2763 locum

214 2799 401 2864 Plinianum
422 2797 574 2864 adhibuit
594 2799 642 2884 (in
658 2797 790 2864 Ottonis
807 2797 907 2862 Thes.
922 2797 977 2862 III
997 2820 1028 2883 p.
1048 2797 1142 2883 145):
1168 2799 1231 2862 etsi
1252 2797 1362 2862 incau-

214 2902 279 2967 tius
308 2912 399 2967 ratus
420 2899 569 2966 Laelium
591 2899 735 2965 Felicem
761 2898 950 2986 posterioris
974 2900 1133 2985 temporis
1161 2898 1362 2966 iureconsul-

215 3004 317 3090 tum²)
333 3005 399 3068 ista
413 3002 494 3089 legis
512 3001 616 3069 verba
631 3010 905 3068 commentantem
927 3023 947 3065 a
961 2999 1069 3066 Plinio
1090 3001 1195 3066 citari.
1226 3001 1311 3066 Nam
1327 3003 1362 3067 id

216 3105 346 3190 quidem
363 3103 463 3169 nolim
479 3125 676 3190 magnopere
691 3125 824 3190 urgere,
846 3102 934 3190 quod
950 3125 992 3167 ex
1006 3102 1099 3167 Festi
1113 3102 1185 3168 loco
1201 3125 1233 3189 p.
1250 3105 1290 3168 27
1293 3105 1312 3169 3
1329 3128 1360 3170 v.

215 3230 305 3292 reus,
326 3208 384 3273 ubi
399 3206 486 3272 Aelii
503 3205 593 3272 Galli
615 3205 806 3270 definitione
826 3205 1009 3292 praemissa
1029 3204 1177 3290 pergitur
1199 3213 1244 3269 ‘ut
1259 3209 1362 3284 Cupito

215 3315 313 3374 Ateius
328 3315 358 3372 iu
373 3314 477 3374 eudem
492 3314 611 3388 quidum
626 3314 763 3390 opinione
779 3318 831 3386 est,
853 3311 908 3372 sed
927 3313 1098 3386 exemplo
1119 3312 1243 3370 adiuuat
1260 3313 1361 3370 'iuter-

212 3418 416 3492 pretationem
433 3409 636 3476 Mercklinus
652 3410 760 3476 effecit
776 3409 824 3493 (in
838 3407 1046 3475 Fleckeiseni
1062 3407 1183 3474 Annal.
1198 3407 1278 3496 phil.
1294 3408 1361 3475 vol.

215 3513 320 3601 suppl.
336 3512 390 3578 HI
404 3535 436 3600 p.
452 3513 529 3599 679)
546 3513 677 3602 Aelium
692 3509 827 3584 Gallum
842 3509 993 3598 exempla
1013 3509 1131 3596 glossis
1153 3510 1275 3577 addere
1295 3533 1361 3578 non

205 3617 432 3682 consuevisse.
839 3634 842 3644 ·
1266 3697 1271 3706 ι

284 3719 448 3805 ¹Denique
463 3717 652 3784 Priscianus
668 3741 700 3806 p.
717 3717 779 3783 792
795 3717 832 3782 P.
849 3718 865 3783 I
880 3739 912 3805 p.
929 3715 992 3782 382
1007 3716 1050 3782 H.
1067 3716 1102 3782 in
1117 3717 1360 3783 enumeratione

215 3927 286 3994 apud
310 3927 432 3979 Gellium
450 3925 501 3978 XX
522 3929 549 3992 1,
570 3928 601 3978 12
627 3924 667 3991 (et
684 3923 806 3976 Plinium
824 3925 904 3976 XVII
923 3927 951 3990 1,
971 3925 997 3990 t)
1022 3923 1213 3990 corrigendum
1237 3939 1270 3974 ex
1293 3921 1359 3978 XVI

213 4015 252 4078 10,
271 4017 287 4067 8
306 4011 407 4079 (Gaius
425 4012 468 4064 111
486 4011 556 4076 223).
596 4011 674 4064 Adde
693 4011 896 4075 Quintilianum
914 4009 938 4062 V
958 4013 998 4074 10,
1016 4012 1058 4063 55.
1094 4009 1250 4061 charisium
1269 4026 1296 4075 p.
1315 4011 1357 4066 58.

280 4096 301 4162 ¹)
328 4100 387 4149 Iam
414 4097 497 4150 video
520 4097 676 4170 Kayssrum
698 4097 725 4148 h.
749 4097 768 4151 l.
793 4113 827 4148 ex
850 4095 909 4158 cod.
932 4094 1078 4147 Leidenais
1102 4096 1240 4160 scriptura
1263 4096 1359 4145 ‘lelius’

130 4247 134 4254 Ι
211 4185 295 4236 etiam
313 4184 416 4235 iustum
433 4199 603 4250 praenomen
620 4183 700 4234 Aelio
718 4183 884 4236 restituisse.

276 4268 297 4334 ²)
317 4269 352 4322 of.
373 4269 406 4320 de
424 4256 474 4320 ilio
488 4284 561 4335 quae
574 4268 746 4321 Ritschellus
757 4269 828 4320 citat
839 4267 859 4321 l.
871 4267 889 4318 l.
905 4268 1005 4336 quibus
1020 4265 1161 4318 addendus
1174 4268 1217 4314 est
1229 4253 1359 4316 Meritu-

208 4369 259 4407 nus
278 4354 380 4406 Philol.
399 4353 463 4405 XVI
482 4355 530 4407 168
549 4369 608 4419 sqq.
