3282 4992
354 327 402 374 nu
424 327 476 374 xu
499 325 712 376 rnnvnnuvu
735 327 913 389 anmqrus
935 329 1182 379 counranunls.
1294 314 1336 380 59

192 489 282 546 stores
297 487 549 546 constituebantur
564 503 583 544 a
594 491 715 562 populo,
731 490 784 562 aui
796 487 975 564 capitalibus
989 487 1077 548 rebus
1085 493 1269 563 praeessent,
1286 491 1338 565 qui

192 588 425 663 appellabantur
445 596 671 664 quaestores
688 577 919 666 porriitati:
949 606 1104 666 quorum
1126 593 1237 652 etiarn
1258 608 1336 651 me-

191 693 298 750 minit
311 693 375 750 lea
390 691 472 751 XII
483 693 719 752 tabularum?
742 689 838 754 Unde
853 711 927 754 cum
943 689 1041 755 talem
1056 691 1252 756 sententiam
1267 689 1336 754 effi-

191 789 533 870 cerent‘restitutores
561 789 635 876 ‘qui
661 813 712 856 res
739 790 895 876 capitales
923 801 1081 878 quaerant
1107 802 1140 857 et
1167 773 1337 856 vindicent

191 900 379 978 quaestores
393 891 563 977 parricidii
578 903 686 958 sunto’
703 891 757 959 vel
773 893 877 958 ‘Parn
896 903 1022 981 quaest.
1038 894 1094 981 qui
1115 893 1277 979 decapite
1294 892 1336 957 ei·

190 994 241 1059 vis
256 992 398 1057 Romani
413 1005 583 1080 quaerant,
601 1017 620 1058 a
633 995 755 1082 populo
772 1005 939 1061 creantor'
956 997 1048 1079 sim,
1064 1006 1133 1062 tum
1148 994 1336 1062 Dirksenus

190 1117 318 1183 quoque
334 1095 540 1163 Gothofredo
561 1106 694 1163 auctore
714 1120 819 1164 nonae
841 1098 972 1164 tabulae
992 1098 1043 1163 ius
1064 1096 1232 1184 publicum
1252 1117 1336 1161 com-

189 1197 307 1284 plexae
321 1197 543 1284 fragmentum
558 1199 674 1266 tribuit
691 1198 818 1285 (1X4).
839 1199 963 1265 Verum
979 1199 1018 1264 de
1034 1199 1223 1266 creandis
1240 1221 1336 1286 quac·

189 1297 332 1366 storibus
343 1288 454 1386 ¹legem
468 1324 535 1367 non
549 1301 652 1366 fuisse
667 1340 709 1350 —
724 1301 780 1388 qui
795 1302 926 1388 quidem
946 1303 1012 1366 iam
1033 1312 1109 1367 ante
1132 1302 1336 1368 decemviros

189 1401 358 1468 extiterint
374 1403 417 1468 cf.
433 1403 568 1468 Tacitus
585 1405 673 1467 Ann.
689 1403 741 1468 XI
755 1403 808 1467 22.
825 1404 942 1469 Zonar.
959 1403 1027 1471 VII
1045 1406 1084 1469 13
1100 1405 1227 1492 -ipse
1243 1403 1336 1468 Pom-

188 1505 306 1592 ponius
329 1504 471 1570 dilucide
493 1506 620 1570 indicat
642 1506 751 1588 verbis
774 1515 916 1586 ‘quorum
937 1513 1025 1572 etiam
1045 1514 1177 1572 meminit
1198 1514 1250 1571 lea
1269 1508 1341 1569 XII

190 1608 426 1692 tabularum.’¹)
470 1609 517 1673 At
544 1608 617 1691 ubi,
648 1631 788 1695 quaeso,
825 1609 934 1695 aptius
965 1599 1077 1676 eorum
1107 1610 1228 1676 mentio
1259 1607 1337 1674 inici

187 1717 320 1798 poterat
335 1731 432 1798 quam
448 1711 482 1775 in
497 1709 674 1797 parricidio
690 1711 911 1777 vindicando?
943 1711 1026 1778 Cum
1041 1711 1103 1778 hoe
1123 1713 1224 1796 igitur
1244 1733 1338 1798 prae-

189 1821 285 1898 cepto
307 1810 457 1899 equidem
474 1812 648 1879 conciliare
669 1834 736 1877 non
756 1813 908 1878 dubitavi
922 1812 1025 1898 (VIII
1039 1815 1106 1903 25).
1138 1813 1338 1900 Comparare

188 1913 394 2001 aliquatenus
411 1914 504 1998 lieet,
521 1915 608 2002 quod
623 1917 657 1978 in
669 1915 765 1980 Pauli
779 1938 875 2002 quem
890 1915 986 1981 attuli
1000 1915 1072 1982 loco
1088 1939 1163 1982 cum
1178 1914 1337 2003 parricidi
1379 1907 1381 1913 ⁴

188 2017 419 2103 quaestoribus
438 2018 585 2104 iungitur
609 2017 739 2082 Numae
762 2017 817 2082 lex
843 2019 884 2082 de
911 2018 1077 2104 paricidis.
1119 2019 1228 2105 Atque
1253 2016 1338 2082 hanc

187 2119 295 2205 ipsam
311 2117 417 2204 legem
435 2125 475 2185 ‘si
488 2121 568 2204 [qui]
584 2125 729 2184 bominem
744 2125 868 2184 liberum
884 2125 951 2184 doio
964 2127 1061 2186 sciens
1075 2128 1164 2185 morti
1181 2125 1260 2196 duit,
1273 2140 1337 2198 na-

187 2227 304 2288 ricidas
317 2229 389 2287 esto'
399 2223 425 2312 ²)
443 2223 471 2287 si
486 2223 559 2310 quis
575 2222 696 2288 dixerit
712 2245 754 2287 ex
765 2221 836 2286 XII
851 2221 971 2287 tabulis
987 2224 1095 2310 potius
1110 2243 1147 2287 eo
1160 2245 1224 2310 quo
1238 2221 1337 2306 signi-

188 2325 287 2390 ficavi
302 2324 399 2392 modo
415 2325 587 2411 repetitam
597 2331 684 2407 esse,
705 2347 758 2388 me
777 2348 843 2389 non
863 2324 999 2390 habebit
1018 2324 1260 2390 adversantem.
1296 2322 1337 2386 In

188 2449 255 2514 qua
276 2428 363 2514 quod
383 2426 574 2493 Rudorffius
596 2427 639 2492 H.
654 2427 677 2492 i.
698 2427 789 2493 rom.v
801 2427 837 2491 Il
857 2427 1178 2513 perdamnatus
1201 2425 1336 2510 originis

188 2529 367 2615 vestigium
380 2527 695 2616 deprehendit‘doli'
704 2528 987 2614 significationem,
997 2529 1076 2616 quid
1088 2530 1136 2595 rei
1149 2529 1193 2594 sit
1202 2529 1334 2612 ignoro:
1387 2565 1389 2572 s

190 2632 230 2696 dc
251 2631 324 2696 XII
347 2632 479 2717 quidem
500 2632 534 2697 id
555 2655 620 2696 non
641 2630 751 2696 valere
772 2631 925 2698 Donatus
947 2632 1040 2696 testis
1062 2643 1112 2698 est
1140 2630 1182 2697 ad
1204 2630 1336 2694 Terent.

190 2735 275 2802 Eun.
299 2734 352 2799 ΙΙΙ
373 2736 411 2816 3,
433 2735 453 2800 9
473 2739 553 2798 ‘bolo
573 2742 651 2799 malo
671 2738 747 2798 baec
765 2740 835 2808 neri
852 2735 965 2818 omnia]
991 2737 1076 2808 Quod
1100 2743 1198 2798 autem
1218 2736 1340 2796 addidit

189 2843 332 2906 “maio''
354 2850 408 2919 aut
427 2837 601 2918 bpxaicpdc
622 2849 665 2900 est
685 2843 755 2914 auia
776 2843 819 2901 sic
840 2843 871 2900 in
891 2841 972 2900 IIII
990 2841 1132 2900 tabuiis
1151 2856 1171 2898 u
1191 2838 1338 2898 ueteribus

181 2947 335 3020 'scripum
354 2947 413 3004 est'
431 2989 437 3002 .
455 2987 486 3002 ..
522 2939 586 3004 Sed
607 2939 641 3002 in
663 2962 697 3004 re
719 2961 851 3026 prorsus
876 2941 1003 3004 incerta
1023 2947 1177 3026 praestat
1201 2959 1337 3024 parcere

190 3043 398 3112 coniecturis.

253 3143 343 3210 Illud
358 3166 438 3210 vero
453 3145 534 3208 satis
550 3145 631 3208 mire
647 3143 777 3226 accidit,
794 3145 883 3231 quod
899 3165 982 3229 quae
999 3143 1045 3206 de
1061 3143 1141 3208 viis
1158 3141 1336 3205 munien-

190 3249 253 3313 dis
270 3246 359 3334 apud
368 3245 509 3312 'Festum
523 3269 556 3332 p.
572 3247 633 3310 371
649 3245 695 3310 Μ.
713 3255 845 3311 servata
866 3255 943 3310 sunt
961 3247 1010 3309 ita
1030 3245 1153 3330 scripta
1172 3242 1208 3306 in
1225 3241 1337 3308 Ursini

190 3351 319 3416 codice:
342 3356 435 3423 fVias
453 3355 607 3415 muniunto
628 3354 775 3414 dionisam
795 3353 913 3427 tapioles
933 3357 1002 3411 sunt
1026 3367 1085 3426 qua
1112 3352 1188 3410 uolet
1206 3351 1337 3410 iumenta

190 3460 291 3532 auito?
310 3474 448 3540 prorsus
469 3447 623 3539 fugerunt
648 3451 876 3518 restitutorum
897 3449 1049 3537 aciem³):
1077 3469 1275 3535 quamquam
1297 3469 1338 3511 ex

189 3554 264 3641 lege
280 3553 455 3642 desumpta
469 3577 541 3621 esse
563 3555 686 3620 dudum
707 3554 861 3642 probavit
876 3552 1050 3617 Dacierius
1074 3549 1194 3616 collato
1210 3550 1337 3614 Oicero-

261 3780 282 3846 1)
301 3781 381 3848 Apud
399 3781 510 3832 Festum
529 3797 553 3846 p.
573 3781 623 3832 258
643 3779 813 3842 ‘Quaestores
833 3777 994 3845 (dicebantur
1012 3780 1055 3844 qui
1072 3781 1228 3843 quaererent
1246 3776 1278 3826 de
1296 3789 1338 3824 re·

191 3866 249 3933 bus)
268 3867 434 3932 capitalibus,
451 3867 518 3917 unde
537 3863 623 3930 (iidem
641 3869 715 3917 etium
735 3905 740 3916 .
762 3905 767 3915 .
787 3903 793 3918 .
814 3905 819 3917 .
839 3872 988 3932 quaestores
1004 3860 1147 3928 parriJeidi
1163 3844 1338 3928 appellantur’

190 3968 247 4004 non
265 3953 327 4005 eine
346 3953 441 4018 specie
460 3951 645 4004 Gothofredus
663 3953 692 4002 in
709 3951 811 4002 lacuna
828 3950 921 4016 posuit
939 3951 981 3998 ‘ia
1000 3949 1061 3998 XII
1068 3953 1084 3997 ’.

260 4037 282 4104 ²)
300 4039 451 4089 Praeclare
474 4039 508 4088 de
528 4053 562 4089 ea
585 4037 653 4102 lege„
671 4037 824 4105 disputavit
841 4035 950 4086 Rubinc
974 4035 1002 4084 in
1028 4049 1144 4085 censura
1167 4032 1233 4084 libri
1251 4032 1340 4082 ann-

191 4123 397 4190 brueggeniani
416 4124 449 4174 de
468 4123 617 4190 parricidio
636 4127 690 4174 vet.
709 4123 786 4174 Rom.
804 4122 882 4172 Diar.
903 4121 988 4185 antiq.
1008 4119 1077 4169 stud.
1093 4117 1159 4169 1844
1177 4133 1204 4182 p.
1218 4117 1267 4168 338
1280 4131 1338 4181 sqq.

258 4207 281 4275 3)
305 4209 385 4260 Unus
414 4209 533 4260 fortasse
556 4197 689 4259 Pithoeus
717 4206 908 4274 excipiendus,
938 4207 985 4272 qui
1011 4205 1052 4255 ita
1079 4200 1338 4268 formavitjegemz

192 4292 368 4361 ‘Amsegetes
385 4294 461 4346 riam
479 4295 634 4358 muniunto;
654 4293 678 4344 si
696 4293 743 4346 via
761 4283 905 4346 immunita
924 4292 1008 4353 escit,
1028 4307 1084 4358 qua
1101 4287 1178 4342 volet
1190 4287 1342 4338 iumentum

193 4379 291 4445 agito)
