3282 4970
294 263 341 311 nn
364 263 416 311 xu
439 261 652 310 ruavunnvu
674 261 851 323 anutovns
875 262 1162 313 cousrrrvnunrs.
1259 247 1299 311 97

155 425 283 506 repetat
297 417 436 506 perfecti
457 417 524 484 vim
546 417 580 481 in
596 417 667 502 lege
688 440 708 482 a
729 419 951 504 grammaticis
971 417 1083 485 futuro
1108 428 1225 486 exacto
1245 441 1300 485 ex-

154 521 262 609 primi,
277 519 415 585 uimium
431 519 565 607 probat:
583 519 681 586 immo
696 521 828 587 inverso
844 520 959 587 ordine
974 521 1130 605 dicemus,
1146 523 1300 609 quoniam

155 625 191 688 in
205 622 319 710 glossa
339 622 488 687 futurum
507 633 709 710 apponatur,
732 623 818 689 idem
841 645 884 688 ex
902 622 1054 690 lemmate
1074 624 1207 690 turbato
1229 647 1300 689 esse

155 725 346 791 eruendum.
370 724 440 790 Nec
455 724 604 811 profecto
618 725 753 791 fortuito
775 748 789 790 s
812 725 921 792 littera
936 725 1100 792 adhaesit:
1123 746 1221 813 quam
1242 749 1302 791 sua

155 829 263 915 potius
286 827 365 895 sede
385 835 507 894 motam
529 849 568 893 ac
588 827 728 894 fortasse
749 849 849 916 supra
868 849 1000 918 versum
1021 827 1169 894 additam
1191 849 1301 894 errore

155 929 282 996 librarii
312 939 388 1017 post
416 945 452 993 ln
480 952 521 995 ex
548 947 585 994 ΙΝ
613 929 799 996 mutilatum
830 931 987 996 insertam
1016 952 1089 996 esse
1114 931 1303 997 subindicat

156 1031 252 1098 Pauli
273 1032 474 1119 comparatio
496 1033 552 1119 qui
573 1032 754 1099 nonhabet
774 1033 838 1097 nisi
860 1035 997 1112 “rupitia
1023 1037 1165 1097 damnum
1187 1037 1304 1098 dederit

154 1140 327 1214 aipaificat?
365 1135 567 1221 Itaqueiam
587 1134 681 1199 vides
703 1157 755 1199 me
776 1156 814 1200 eo
835 1134 957 1214 redire,
980 1135 1068 1222 qnod
1089 1133 1301 1222 iampridem

155 1237 320 1322 sagaciter
334 1236 461 1303 invenit
476 1232 623 1324 Scaliger
637 1239 782 1316 ‘rupsit
799 1244 812 1302 i
817 1259 837 1300 a
851 1233 924 1302 XII
939 1244 1015 1315 ripa.
1033 1242 1063 1302 d.
1079 1242 1123 1302 d.’
1154 1236 1304 1325 Namque

38 1397 41 1404 ,
154 1339 317 1405 incautius
333 1338 520 1405 Dirkseuus
537 1338 725 1426 obloquitur
739 1338 842 1425 p.530
857 1344 978 1419 ‘rupsit'
993 1339 1133 1405 formam
1149 1339 1231 1405 adeo
1247 1339 1303 1407 ob·

154 1439 293 1507 saletam
309 1463 375 1507 non
389 1440 508 1525 fuisse,
530 1463 613 1528 quae
629 1440 901 1526 interpretatione
921 1450 1042 1526 egeret.
1080 1440 1179 1522 Quod
1197 1463 1303 1528 neque

153 1556 216 1630 per·
234 1564 270 1608 se
290 1542 325 1606 in
340 1541 495 1607 Verrium
516 1543 621 1621 valet,
638 1544 700 1631 qui
722 1541 802 1608 talia
822 1566 951 1630 quoque
971 1542 1068 1632 plura
1088 1543 1248 1630 receperit
1262 1581 1305 1592 -

154 1643 198 1710 cf.
215 1644 312 1711 modo
328 1643 450 1710 Paulus
465 1668 498 1733 p.
513 1637 575 1710 Ι107
592 1652 735 1712 ‘incensa
754 1649 920 1710 incenderit
939 1653 1017 1712 sieut
1036 1651 1162 1726 inrepsit
1181 1653 1305 1726 incepe-

154 1754 207 1813 rit’
218 1785 261 1798 -
271 1768 376 1834 neque
392 1747 570 1834 quidquam
586 1747 729 1814 adhunc
744 1747 851 1813 locum
867 1749 1024 1814 mome'nti
1038 1748 1149 1830 habet,
1165 1747 1223 1813 ubi
1238 1769 1305 1813 non

86 1899 91 1904 -
156 1850 198 1914 de
220 1846 328 1916 foima
342 1849 469 1935 agitur,
485 1849 545 1914 sed
561 1849 601 1914 de
621 1849 765 1916 notione.
805 1851 968 1916 Nimirum
983 1849 1071 1938 quod
1092 1852 1127 1914 in
1149 1849 1220 1935 lege
1241 1849 1304 1915 fult

156 1957 197 2016 ‘si
209 1957 371 2016 membrum
386 1958 504 2032 rupsit’,
520 1950 552 2016 id
567 1961 685 2038 postea
704 1961 737 2017 et
756 1975 819 2016 usn
839 1960 871 2017 et
891 1951 1090 2041 prudentum
1110 1951 1304 2038 interpreta-

155 2053 244 2118 tione
260 2052 301 2118 de
316 2053 432 2139 quovis
449 2054 568 2119 damno
583 2053 705 2118 iniuria
726 2052 803 2118 dato
819 2062 990 2140 acceptum
1010 2063 1076 2118 est:
1098 2062 1135 2117 ut
1154 2055 1190 2117 in
1209 2075 1303 2138 roga-

155 2155 247 2220 tione
262 2154 303 2220 de
318 2177 397 2220 vere
413 2177 506 2221 sacro
523 2154 611 2242 apud
625 2154 759 2220 Livium
774 2155 880 2220 XXII
898 2155 954 2237 10,
970 2153 991 2219 5
1008 2161 1052 2219 ‘si
1072 2162 1138 2234 auis
1158 2165 1306 2236 rumpet

156 2261 305 2323 camdetae
319 2263 470 2322 insciens?
500 2259 611 2345 Atque
625 2257 697 2343 ipse
713 2256 862 2342 Scaliger
876 2256 947 2322 iure
962 2255 1005 2322 ad
1026 2278 1119 2322 suam
1141 2257 1304 2323 coniectu·
1383 2302 1385 2306 -

155 2381 228 2425 ram
242 2358 438 2424 firmandam
452 2372 532 2424 usus
548 2368 600 2424 est
612 2358 746 2445 Ulpiani
761 2358 873 2424 verbis
888 2357 931 2423 D.
949 2357 980 2440 9,
996 2357 1027 2442 2,
1043 2359 1084 2423 27
1100 2363 1120 2442 ξ
1137 2359 1176 2425 13
1193 2363 1307 2439 ‘Inquit

156 2469 209 2526 lex
224 2461 285 2550 (sc.
300 2461 437 2548 Aquilia
451 2465 471 2543 ξ
486 2460 521 2546 5)
539 2457 734 2541 “ruperit”:
753 2469 870 2541 rupisse
892 2465 1011 2526 vertum
1024 2465 1094 2538 sere
1108 2481 1208 2527 omues
1221 2473 1304 2528 aete-

156 2585 207 2628 res
220 2569 264 2628 sic
278 2569 502 2629 intellexeruut:
519 2569 714 2642 corruperit'‚
736 2563 855 2650 quibus
877 2562 1000 2628 addere
1010 2613 1012 2618 .
1022 2570 1151 2651 poterat
1171 2563 1253 2630 Coll.
1269 2565 1305 2629 II

156 2667 178 2730 4
193 2669 334 2747 ‘Rapisse
348 2685 415 2730 eum
429 2672 528 2745 utique
544 2672 725 2746 accipiemus
744 2673 796 2745 qui
810 2671 980 2730 uulnerauit
993 2671 1040 2730 ael
1059 2673 1153 2746 uirpis
1166 2673 1215 2732 aei
1232 2673 1305 2731 ioris

157 2774 206 2834 aei
219 2775 331 2848 pupais
350 2772 456 2834 cecidit
476 2790 505 2834 e.
527 2791 558 2854 q.
581 2775 621 2832 s.’
658 2767 797 2834 Accedit
817 2789 904 2832 nunc
925 2767 1053 2854 plenius
1075 2767 1141 2833 Gai
1161 2769 1305 2834 testimo-

158 2871 347 2936 niumInst.
363 2869 494 2936 111217
516 2874 560 2936 ‘si
579 2875 653 2950 quid
670 2875 747 2936 euim
771 2883 866 2934 ustum
887 2881 939 2934 aut
957 2881 1079 2952 ruptum
1099 2880 1153 2936 aut
1168 2874 1304 2947 fractum

158 2976 282 3054 (suerit)
304 2979 382 3038 aetia
401 2977 456 3037 aaa
476 2977 574 3052 capite
595 2973 656 3057 (sc.
677 2971 698 3036 1.
715 2972 883 3058 Aquiliae)
900 2979 1103 3037 constituitur:
1125 2993 1305 3052 quamquam

156 3083 288 3156 potuerit
300 3081 366 3140 sata
386 3085 473 3156 rapt
478 3081 490 3139 i
503 3080 668 3156 appellatio
682 3079 713 3138 iu
729 3094 828 3140 omues
843 3080 915 3139 istas
929 3096 1039 3140 causas
1053 3078 1207 3152 sufficere.
1237 3077 1305 3138 115-

156 3189 242 3258 ptum
265 3181 358 3255 (euim
379 3183 559 3256 iutellepitur
586 3181 666 3256 quod
683 3197 798 3259 quoquo
818 3182 905 3242 moda
925 3185 1113 3258 corruptum)
1140 3187 1199 3241 est:
1225 3181 1306 3242 uude

159 3299 218 3346 aaa
232 3283 344 3357 sanum
359 3291 425 3345 usta
440 3287 506 3359 aut)
521 3293 612 3360 rupta
628 3289 682 3343 aut
698 3282 818 3358 fracta,
839 3283 894 3344 sed
909 3284 1031 3361 et(ium)
1047 3285 1141 3344 scissa
1155 3290 1184 3344 et
1202 3284 1306 3344 collisa

159 3393 189 3448 et
201 3386 300 3461 effusa
313 3392 343 3448 et
358 3433 365 3448 .
383 3430 391 3448 .
409 3432 416 3447 .
434 3433 441 3448 .
459 3392 513 3447 aut
522 3392 679 3463 perempta
693 3395 781 3460 atque
795 3387 945 3449 deteriora
957 3385 1045 3459 faeta
1060 3386 1115 3447 itae
1129 3387 1217 3448 aerbo
1231 3402 1305 3448 aaa·

160 3492 313 3554 timeatur?
341 3485 424 3570 Legi
439 3484 541 3571 igitur
555 3484 619 3573 ipsi
634 3483 669 3548 in
684 3484 776 3551 Festi
791 3483 862 3550 loco
884 3483 1082 3571 imputatur,
1103 3485 1190 3572 quod
1205 3485 1305 3554 inter·

159 3588 337 3677 pretationi
357 3588 488 3653 demum
507 3587 680 3674 posteriori
702 3586 894 3652 debebatur.
923 3587 996 3652 Iam
1017 3586 1094 3674 quin
1115 3598 1202 3653 recte
1223 3587 1307 3654 hanc

160 3692 305 3778 glossam
320 3690 364 3755 ad
378 3689 467 3755 illam
481 3691 588 3776 ipsam
608 3688 714 3774 legem
728 3688 852 3754 111112
874 3711 894 3753 a
909 3687 1017 3756 Gellio
1039 3700 1073 3755 et
1087 3690 1187 3755 Festo
1210 3711 1242 3754 v.
1258 3697 1305 3754 ta·

163 3793 261 3860 lionis
277 3793 411 3859 citatam
426 3792 647 3858 Mommsenus
662 3791 841 3874 rettulerit,
864 3813 937 3857 eum
959 3800 1054 3856 extra
1069 3791 1305 3858 dubitationem

165 3896 311 3983 positum
327 3897 383 3961 ait:
404 3900 529 3976 ‘rupsit’
545 3893 594 3962 ibi
605 3894 667 3960 .vel
687 3893 875 3978 refragante
890 3893 997 3960 Gellio
1013 3915 1172 3982 reponere
1194 3916 1232 3958 eo
1247 3893 1305 3957 mi-

164 4019 226 4064 nus
243 3997 375 4081 dubito,
396 3995 484 4085 quod
504 3997 603 4063 etiam
617 4001 780 4078 ‘rapuerit’
801 3997 833 4062 h.
849 3994 871 4059 1.
892 4005 984 4062 extat
1002 3995 1036 4060 iu
1056 4005 1194 4083 utroque
1215 3994 1307 4059 Festi

126 4123 129 4126 ·
165 4098 340 4166 Vaticano.
378 4100 529 4165 Ceterum
550 4099 684 4166 rarioris
709 4099 805 4163 huius
826 4097 954 4164 formae
974 4096 1159 4184 exemplum
1179 4095 1306 4161 Placidi

167 4201 295 4283 glossae
310 4212 446 4268 servant
464 4206 542 4268 ‘dior
548 4209 631 4280 apsi
636 4212 648 4265 t
662 4205 819 4281 daperstt’
835 4199 889 4265 III
903 4223 936 4288 p.
950 4200 1014 4266 452
1028 4199 1067 4264 cl.
1083 4199 1133 4264 VI
1147 4197 1211 4263 560
1224 4197 1271 4260 M.

236 4305 289 4369 De
303 4304 406 4370 altero
422 4303 509 4391 quod
524 4301 623 4388 vulgo
639 4303 744 4367 fertur
758 4302 1008 4368 coniunctivi
1023 4301 1056 4364 in
1072 4300 1143 4366 XII
1158 4296 1307 4384 exemplo

215 4413 335 4467 Schoell,
350 4415 415 4468 Legis
429 4413 469 4455 Xll
484 4416 529 4456 tab.
544 4413 606 4465 reliq.
1086 4403 1103 4470 7
