3282 4970
327 213 368 278 98
744 226 856 273 oarvr
879 197 1055 286 quurvn.

328 390 367 448 ‘si
376 403 438 447 nox
445 386 563 459 fartam
573 385 691 458 suctum
700 385 773 456 sit',
785 380 852 444 iam
863 379 967 446 verba
978 378 1117 446 fecimus
1130 379 1227 466 p.l9:
1242 390 1355 446 utnon
1366 383 1476 448 minus

326 495 440 572 pateat
455 485 669 550 reiiciendum
685 504 758 548 esse
773 483 861 569 quod
875 481 906 545 V
922 481 943 546 5
958 504 1001 546 ex
1016 480 1209 548 CollatIonis
1225 482 1375 556 codicum
1396 484 1475 547 scri-

325 597 424 675 ptura
439 593 486 652 ‘a'
495 596 607 666 cnutus
628 591 736 650 aesdt’
752 583 964 651 Ha'uboldius
980 581 1117 671 protulit
1132 589 1205 650 ‘aec
1223 591 1287 662 εἰτ’,
1310 594 1367 650 aut
1386 585 1476 671 quod

325 687 357 754 V
372 691 394 754 4
408 688 561 754 lacunam
575 697 650 776 post
665 694 743 753 ‘nec'
759 687 792 750 in
806 685 941 774 Ulpiani
957 686 1029 752 cod.
1045 682 1208 751 Vaticano
1224 685 1312 766 idem
1328 685 1476 751 Haubol-

326 791 400 858 dius
417 813 555 879 eumque
571 789 674 856 secuti
690 791 788 875 Hugo
804 798 837 856 et
852 790 1063 856 Goeschenus
1080 787 1129 874 (in
1144 787 1265 854 Annal.
1279 791 1342 853 iur.
1359 789 1476 856 soient.

325 893 439 986 bistor.
455 893 505 959 IV
522 891 598 976 130)
614 891 850 979 suppleverunt
865 899 928 957 ‘cur'
940 914 1012 957 suus
1026 897 1113 956 teres
1126 913 1181 956 aec
1195 898 1255 956 stt’
1285 892 1389 978 Atqui
1403 893 1476 956 fue-

325 1004 403 1062 runt
414 996 479 1083 qui
494 1003 527 1060 et
540 995 601 1060 hoc
623 992 711 1076 loco,
734 1018 808 1060 cum
823 996 858 1059 in
873 993 954 1060 0011.
973 993 1059 1058 XVI
1073 993 1109 1075 4,
1128 994 1142 1058 1
1166 999 1243 1058 ‘est’
1266 992 1474 1076 exhibeatur,

324 1099 430 1163 rarius
453 1104 562 1162 autem
584 1095 780 1164 vocabulum
806 1096 896 1183 apud
919 1095 1099 1184 Ulpianum
1127 1094 1256 1160 librarii
1286 1095 1475 1182 ignorantia

298 1199 301 1206 ’
325 1201 482 1266 omissum
498 1220 650 1264 essenon
666 1200 735 1264 sine
750 1221 869 1264 caussa
883 1205 1042 1280 sumatur,
1059 1197 1171 1262 stillis
1188 1198 1317 1263 duobus
1333 1195 1473 1284 aliisque

325 1303 520 1390 quibusdam
538 1307 616 1366 ‘asir'
631 1312 776 1374 ¹veterem
798 1301 869 1367 sive
889 1301 1091 1366 coniunctivi
1112 1299 1182 1364 sive
1202 1299 1308 1364 futuri
1332 1299 1474 1364 formam

324 1404 587 1471 introducerent:
609 1405 697 1492 quod
720 1427 793 1469 cum
814 1404 914 1470 etiam
929 1403 968 1468 Ο.
985 1401 1161 1468 Muellerus
1177 1401 1351 1488 probasset
1365 1402 1400 1466 in
1415 1423 1472 1465 ex·

324 1530 424 1573 cursu
445 1506 487 1571 ad
507 1505 624 1572 Collat.
649 1506 826 1572 editionem
846 1505 1056 1571 Blumianam
1081 1527 1114 1591 p.
1138 1503 1200 1568 164
1220 1503 1260 1568 cl.
1285 1503 1360 1568 142:
1383 1502 1472 1568 idem

322 1619 439 1696 postea
464 1609 657 1674 retractavit
682 1609 879 1674 sententiam
907 1609 942 1671 in
972 1605 1201 1693 disquisitione
1229 1605 1335 1670 bonae
1365 1605 1471 1690 frugis

324 1711 421 1798 plena
437 1711 478 1774 de
491 1717 591 1778 §escit
608 1719 641 1776 et
656 1691 805 1796 cognatis
821 1709 934 1775 formis
950 1709 984 1772 in
999 1706 1071 1794 lege
1086 1708 1158 1773 XII
1179 1707 1302 1772 inserta
1316 1707 1471 1792 Hugonis

323 1812 553 1899 Promptuario
580 1812 641 1876 iur.
669 1813 732 1878 civ.
761 1811 811 1877 VI
835 1812 900 1877 420
915 1834 985 1900 sqq.
1016 1849 1051 1856 -
1079 1808 1167 1878 unde
1193 1809 1334 1896 repetita
1360 1809 1471 1875 estin

324 1914 442 2000 Script.
460 1914 538 1978 min.
556 1913 651 1979 1375
666 1937 736 2000 sqq.
752 1913 875 1980 -Ubi
890 1913 969 1979 locis
987 1912 1138 1978 omnibus
1160 1911 1335 1996 diligenter
1354 1933 1470 1998 perve-

324 2016 454 2100 stigatis
470 2021 546 2080 ‘rsit'
560 2014 685 2080 nullam
699 2038 837 2102 usquam
852 2039 872 2080 a
887 2015 1038 2080 codicum
1049 2014 1200 2100 vestigiis
1216 2013 1471 2078 commendatio-

323 2140 398 2182 nem
417 2116 539 2182 habere
560 2139 638 2182 vere
659 2118 845 2204 perspexit,
871 2117 991 2181 nimius
1014 2117 1179 2182 tamenin
1201 2137 1255 2199 eo,
1282 2115 1368 2202 quod
1393 2114 1472 2179 inde

223 2297 225 2302 Ι
323 2219 436 2284 statim
452 2241 472 2284 a
487 2219 709 2284 decemvirum
725 2227 833 2284 aetate
847 2218 975 2284 litterae
991 2241 1006 2282 s
1027 2219 1114 2283 inter
1128 2216 1260 2283 vocales
1275 2239 1371 2282 usum
1388 2217 1471 2282 anti-

323 2321 514 2408 quissimum
530 2321 750 2387 abiudicavit:
774 2343 839 2408 qua
853 2323 887 2387 in
907 2343 943 2385 re
958 2342 1018 2386 nee
1032 2330 1119 2385 recte
1130 2318 1281 2384 -fratrum
1297 2319 1471 2386 Arvalium

323 2423 467 2505 carmine
486 2423 592 2488 utitur
615 2421 742 2511 (Suppl.
765 2423 852 2488 Arm.
877 2423 920 2487 ad
943 2423 1032 2488 Fest.
1057 2445 1090 2510 p.
1110 2423 1187 2508 386)
1209 2445 1315 2509 neque
1336 2421 1470 2488 omnino

322 2527 484 2590 rationem
507 2523 589 2588 satis
610 2524 717 2588 tenuit
737 2527 836 2590 moris
857 2523 946 2589 illius
969 2523 1116 2591 novandi
1138 2533 1170 2589 et
1191 2523 1471 2606 accommodandi,

322 2649 419 2714 quem
434 2627 470 2690 in
484 2625 556 2692 XII
570 2624 712 2691 maxime
729 2626 910 2692 obtinuisse
926 2649 1026 2712 supra
1040 2623 1195 2691 vidimus.
1235 2626 1331 2707 Quod
1349 2635 1389 2690 ut
1404 2649 1470 2696 me-

322 2731 386 2795 rito
402 2730 532 2795 notavit
543 2726 737 2792 Huschkius
754 2729 794 2793 de
806 2730 898 2813 tigno
914 2729 1025 2793 iuncto
1041 2751 1074 2816 p.
1086 2729 1126 2794 21
1141 2751 1189 2814 sq.
1198 2729 1241 2811 ¹):
1258 2728 1306 2792 ita
1316 2729 1387 2816 ipse
1399 2751 1469 2792 rur-

324 2853 379 2896 sus
394 2829 444 2894 illi
458 2822 622 2895 notandus
638 2829 704 2896 fuit
719 2829 848 2918 (Suppl.
866 2853 939 2895 ann.
955 2829 976 2894 l.
993 2829 1047 2918 l.):
1066 2831 1120 2918 qui
1136 2839 1231 2896 vetus
1245 2840 1469 2896 commentum

323 2938 400 2997 ‘rsit’
416 2941 450 2998 et
464 2931 628 2997 recurrerit
643 2941 676 2997 et
690 2928 883 2999 novo'more
904 2933 1114 2998 exornaverit
1133 2954 1288 3018 praesens
1309 2933 1469 3018 interpre-

321 3032 429 3117 tatus,
444 3056 517 3099 non·
532 3031 689 3098 futurum.
701 3033 727 3119 2)
765 3034 834 3099 Neo
855 3032 1017 3100 validiora
1037 3043 1113 3099 sunt
1134 3045 1328 3120 argumenta
1348 3034 1468 3121 quibus

322 3158 466 3202 errorem
480 3135 639 3202 firmavit:
661 3158 734 3201 cum
750 3142 845 3202 ‘escit'
860 3135 1085 3214 inchoativum
1099 3158 1158 3223 pro
1173 3137 1284 3202 futrrro
1298 3136 1399 3201 fuerit
1414 3135 1468 3200 de-

322 3238 491 3321 cemviris,
508 3237 645 3304 alteram
660 3238 800 3304 formam
817 3234 906 3304 ‘crit’
922 3238 1034 3303 dicens
1047 3238 1130 3304 'ferri
1150 3263 1216 3305 non
1235 3261 1350 3326 posse3
1371 3237 1468 3302 adeo-

322 3363 385 3428 que
400 3343 508 3428 ipsum
529 3339 677 3404 futurum
691 3341 833 3428 primum
848 3350 924 3428 post
939 3346 999 3405 ‘st’
1021 3342 1098 3428 poni
1119 3365 1186 3409 non
1202 3341 1306 3407 solere
1328 3347 1467 3427 excepto

322 3465 387 3508 uno
403 3441 474 3508 loco
491 3441 508 3506 I
522 3443 543 3507 3
558 3446 602 3506 ‘st
618 3449 773 3506 -·or'tr'um
787 3450 874 3510 esctt’
892 3444 968 3509 ‘ubi
986 3443 1141 3530 quoniam
1155 3443 1236 3508 haec
1250 3443 1361 3508 omnia
1375 3440 1417 3506 ad
1432 3441 1468 3504 in

321 3543 372 3608 ius
388 3554 561 3610 vocantem
576 3543 780 3628 referuntur,
797 3569 861 3632 quo
877 3555 1031 3631 respectu
1045 3568 1123 3612 vere
1138 3555 1213 3611 sunt
1227 3546 1350 3628 futura,
1366 3544 1469 3610 etiam

320 3644 470 3710 futurum
485 3645 672 3732 ponendum
688 3653 792 3712 erat':
816 3669 901 3736 quae
915 3645 1064 3713 refellere
1079 3647 1126 3712 nil
1140 3649 1276 3731 attinet;
1299 3646 1341 3712 cf.
1358 3647 1410 3713 13
1426 3652 1470 3710 ‘aa'

322 3754 418 3842 nolet,s
430 3767 571 3812 arceram
587 3770 624 3812 ne
638 3756 781 3832 sternito',
798 3749 851 3814 III
867 3750 1042 3828 suasores,
1059 3756 1131 3829 plus
1146 3755 1239 3817 dato?
1277 3749 1361 3814 Nam
1378 3750 1466 3836 quod

321 3872 423 3913 unum
448 3848 591 3936 aliquam
618 3873 697 3916 sane
724 3851 867 3940 speciem
886 3875 965 3938 prae
987 3875 1022 3917 se
1043 3851 1109 3916 fert
1127 3851 1213 3916 VIII
1236 3853 1275 3916 16
1301 3858 1340 3915 ‘ar'
1358 3857 1469 3918 adorat

391 4107 410 4170 ¹)
430 4107 466 4159 cf.
485 4109 518 4164 G.
538 4107 648 4160 Curtius
667 4110 700 4161 de
718 4115 801 4177 temp.
821 4117 849 4163 et
867 4107 936 4166 mori.
955 4131 981 4180 p.
1001 4113 1057 4166 116.

389 4192 410 4258 ²)
430 4193 514 4244 Cuius
533 4196 690 4247 sententIae
708 4197 833 4248 comitem
851 4202 949 4250 nactus
969 4205 1012 4250 est
1024 4198 1252 4266 Wesenbergium
1273 4193 1307 4252 ad
1323 4196 1466 4255 Ciceronis

321 4276 403 4328 Tuae.
421 4279 504 4339 1115,
525 4282 554 4328 11
574 4281 603 4330 iu
621 4280 686 4332 edit.
705 4280 820 4336 Baiteri.
