3282 4992
335 323 383 370 nn
407 323 457 369 xrr
479 323 691 370 110111ον0
714 320 891 383 0111101110
914 275 1201 372 consauradum.
1299 305 1339 385 75

197 475 275 540 stini
298 476 375 540 edit.
390 515 433 524 -
447 475 615 541 Mamilius
638 477 748 562 posuit
759 440 871 540 '‘reas'
893 477 1066 561 probatum
1089 475 1222 542 Kellero
1243 477 1337 541 Prae.

197 576 260 641 eiv.
276 576 412 662 0290.
431 577 491 642 108
507 586 564 642 aut
580 577 619 642 Ο.
635 577 813 643 Muellerus
829 581 1060 658 1000000100-
1073 577 1210 665 nequid
1230 578 1338 643 dicam

197 669 237 744 de
252 677 419 742 Wetnellii
435 678 660 765 supplemento
677 687 716 743 ‘si
728 687 796 744 aelii
809 686 840 743 is
861 679 926 758 'qui
938 685 1051 744 rica)
1117 705 1120 710 ·

281 779 348 844 Nee
363 803 442 846 vero
458 779 586 845 Gellius
602 765 747 868 repperit
768 781 802 844 in
818 781 889 846 XII
911 780 1031 848 tabulis
1055 781 1141 868 quod
1160 781 1237 846 inde
1258 782 1339 847 citat

197 881 266 946 XX
283 883 333 964 10,
350 882 369 946 8
387 889 426 946 ‘si
439 889 502 962 001Ι
515 887 627 970 101010
641 903 762 947 manum
778 891 946 947 eoaseruai’
964 883 1026 967 (VI
1041 882 1075 963 ὅ)
1093 883 1151 947 sed
1165 886 1205 946 ‘se'
1217 889 1247 946 iu
1264 890 1282 947 i.
1299 903 1338 947 m.

196 989 235 1048 a'
252 985 294 1049 ef.
311 984 350 1048 Τ.
366 984 434 1049 VII
449 984 470 1050 5
485 985 704 1064 0101000101.
733 985 820 1049 Nam
836 1008 894 1072 pro
910 992 956 1050 ‘si
969 991 1051 1064 quis’
1067 984 1155 1071 quod
1176 985 1211 1050 in
1230 994 1337 1072 poste·

196 1085 292 1150 110110
309 1087 427 1151 aetatis
448 1086 575 1172 legibus
592 1095 625 1152 et
639 1087 755 1152 edietis
771 1087 913 1152 maxime
929 1086 1174 1174 frequentatur,
1196 1087 1267 1154 XII
1282 1097 1339 1153 aut

196 1191 255 1250 ‘si’
271 1185 462 1274 simpliciter
478 1197 535 1254 aut
548 1194 632 1268 ‘qai'
649 1189 817 1254 exhibent.
849 1189 941 1270 Quae
962 1211 1014 1253 res
1030 1187 1235 1276 aliquantum
1249 1189 1340 1256 valet
1419 1215 1420 1218 ¹

197 1289 239 1354 ad
254 1288 411 1354 iudicium
428 1290 554 1380 (101000
570 1291 924 1377 1101111010001001010
941 1290 1184 1357 stabiliendum.
1215 1291 1339 1357 Vereor

196 1390 282 1456 00110
297 1400 334 1456 ut
349 1393 501 1478 cuiquam
516 1393 669 1478 placeant
683 1393 763 1459 haee
778 1391 908 1458 eGellii
923 1391 1111 1458 testimonio
1127 1392 1226 1478 (XVI
1240 1393 1290 1478 10,
1302 1394 1337 1476 5)

195 1493 242 1558 ita
256 1492 356 1579 vulgo
373 1494 553 1559 constituta
567 1499 708 1560 '‘adsiduo
723 1499 834 1559 vindex
846 1500 992 1560 cedriduus
1005 1505 1084 1560 esioi
1099 1501 1341 1574 0100100001·

195 1603 377 1676 00100001,
395 1601 596 1661 vindexesio'
615 1596 707 1682 (14).
738 1598 832 1678 Quae
853 1597 935 1662 adeo
957 1597 1157 1663 deteriorum
1177 1596 1338 1663 librorum

135 1709 147 1726 ⁸
196 1697 352 1763 memoria
367 1706 430 1762 est:
453 1720 526 1763 eum
553 1698 749 1784 optimorum
764 1699 859 1784 Regii
879 1708 912 1764 et
927 1695 1082 1763 Vossiani
1105 1699 1238 1764 maioris
1260 1701 1337 1764 seri·
1446 1723 1447 1728 ¹

121 1810 125 1817 '
195 1808 292 1887 ptura
305 1800 468 1866 immerito
493 1800 550 1866 diu
564 1799 714 1885 neglecta
729 1805 907 1880 ‘proletario
928 1807 999 1866 iam
1018 1804 1094 1866 civi
1111 1807 1163 1866 eui
1180 1808 1246 1880 000
1265 1809 1341 1866 vola

194 1923 221 1986 0.
235 1910 273 1966 0.’
289 1924 330 1966 00
345 1924 458 1967 001010
480 1902 613 1988 quidem
633 1905 797 1988 possimus
819 1912 955 1989 propter
977 1901 1059 1967 illud
1081 1903 1169 1990 quod
1191 1905 1339 1990 sequitur
1378 1932 1384 1942 ·

195 2009 288 2084 ‘quid
300 2011 339 2068 sii
352 2011 383 2068 iu
397 2025 434 2067 ea
449 2013 513 2083 000
528 2011 741 2084 “proletarius
761 2011 882 2070 eiais'’
904 2011 1116 2084 interpretere'
1131 2005 1273 2091 pessime
1295 2006 1337 2071 ab

195 2106 376 2172 editoribus
393 2115 469 2172 ante
484 2106 657 2172 Hertzium
679 2115 839 2172 mutatum
856 2113 900 2170 ‘si
912 2112 968 2179 vis,
984 2111 1122 2186 0100003
1144 2106 1187 2171 ef.
1210 2106 1337 2172 Nonius

195 2233 227 2296 p.
247 2207 309 2274 155
323 2211 587 2274 ‘Proletariieiaes
602 2214 777 2274 dicebantur
791 2215 887 2288 quiin
905 2213 991 2288 plebe
1012 2213 1183 2272 tenuissima
1200 2208 1274 2294 (leg.
1290 2219 1338 2273 ie-

195 2311 341 2399 auissimi)
363 2319 467 2376 eraui’
489 2334 565 2398 aq.
582 2334 606 2374 s.
629 2311 794 2398 descripta
810 2311 850 2375 de
866 2309 966 2376 Gellii
981 2309 1053 2375 loeo
1068 2310 1099 2374 V
1116 2309 1166 2374 10.
1195 2311 1242 2376 At
1263 2331 1337 2374 eon·
1365 2337 1369 2361 1

194 2425 316 2482 tortum
331 2414 537 2480 enuntiatum
553 2419 622 2478 ‘eui
639 2419 704 2492 qais
720 2420 809 2478 aoiei'
832 2413 858 2476 si
873 2413 1083 2499 probaretur,
1099 2411 1219 2480 vitiose
1236 2417 1336 2491 ‘qais’

194 2517 377 2582 efferretur:
395 2516 528 2603 probari
545 2526 654 2581 autem
669 2537 727 2602 per
748 2515 782 2579 id
802 2515 911 2602 ipsum
932 2536 999 2580 000
1015 2513 1105 2594 lieet,
1128 2513 1337 2600 quoniam-in

194 2641 231 2684 eo
247 2620 314 2707 qui
329 2617 454 2684 vindex
468 2639 539 2683 esse
555 2618 689 2700 debeat,
706 2640 772 2682 non
792 2617 854 2681 eui
876 2617 1050 2682 debeat-
1070 2616 1105 2681 id
1126 2616 1212 2680 enim
1234 2616 1336 2682 abun-

195 2723 252 2788 dat
266 2730 342 2808 post
356 2725 539 2800 ‘proletario’
553 2759 596 2768 -
610 2721 677 2783 iam
699 2741 827 2783 summa
847 2718 897 2784 vis
914 2719 1022 2804 posita
1038 2726 1097 2783 est.
1127 2717 1336 2784 Probabilius

194 2823 295 2908 igitur
316 2823 355 2889 O.
377 2821 554 2887 Muellerus
578 2822 612 2885 10
632 2822 719 2888 Mus,
740 2825 789 2885 rh.
810 2823 872 2886 iur.
895 2821 925 2885 V
946 2843 978 2906 p.
997 2819 1058 2884 192
1078 2819 1337 2886 Rittershusium

195 2949 236 2991 ex
250 2933 344 3011 parte
360 2933 490 2990 secutus
507 2923 676 3000 substituit
688 2929 866 2988 ‘Proletario
881 2929 940 2986 iam
951 2929 1055 3002 quiqui
1068 2928 1168 2987 ciuis':
1184 2922 1337 2989 modone
1415 2981 1421 2987 .

194 3027 269 3092 huie
291 3048 417 3114 quoque
438 3025 586 3092 obstaret
608 3025 696 3111 quod
718 3025 836 3090 deinde
856 3023 1004 3108 iungitur
1025 3027 1221 3104 ‘proletarius
1243 3031 1338 3090 einis!

192 3129 318 3196 ,Verum
339 3128 518 3216 simplicior
539 3127 724 3192 emendatio
746 3127 955 3213 inpromptu
977 3135 1038 3190 est.
1069 3125 1233 3190 Nimirum
1253 3131 1337 3192 ‘eui’

194 3232 265 3296 sive
280 3231 385 3297 mavis
401 3239 476 3318 post
490 3233 582 3294 ‘ciui'
602 3228 686 3293 male
706 3251 778 3294 esse
799 3227 976 3316 repetitum
999 3227 1084 3308 sive,
1107 3237 1144 3291 ut
1166 3228 1335 3307 ε0010110-

193 3333 283 3410 beat,
306 3331 567 3418 querelantur,
588 3331 753 3413 additum,
776 3332 950 3399 delendum
972 3339 1037 3396 est:
1060 3339 1096 3395 ut
1116 3329 1334 3417 relinquatur:

193 3441 366 3515 ‘proletario
386 3442 447 3499 iam
467 3441 630 3513 ciui-qais
650 3441 748 3499 aolei
767 3441 880 3500 00000
901 3442 982 3499 esia'
1013 3433 1162 3519 Namque
1189 3433 1276 3519 quod
1301 3433 1336 3496 in

195 3537 323 3603 serioris
340 3539 459 3604 aetatis
480 3537 608 3622 legibus
629 3535 817 3624 frequenter
835 3560 899 3603 usu
919 3535 1011 3602 venit
1031 3541 1101 3614 ‘aue'
1118 3541 1208 3600 aaiei’
1229 3575 1272 3583 —
1292 3537 1336 3601 01.

192 3639 275 3724 Tab.
288 3639 384 3705 Bant.
402 3640 469 3705 v.9
491 3645 575 3704 ‘eam
593 3645 754 3719 0000000
774 3647 844 3720 000·
862 3648 937 3705 uolet
956 3647 1153 3718 0100000100
1173 3643 1337 3717 001100οζ·

191 3741 263 3806 Lex
275 3741 336 3807 Iul.
346 3764 433 3806 mun.
448 3741 539 3806 v.l9.
552 3741 603 3806 93.
618 3741 689 3806 107.
708 3741 779 3808 125.
797 3743 857 3807 140
873 3749 1005 3821 ‘eiusque
1017 3747 1167 3821 pecuniae
1181 3747 1251 3819 quei
1263 3749 1339 3806 uolet

159 3907 165 3920 x
189 3850 292 3924 petitio
311 3851 398 3917 esio’‚
413 3843 486 3909 Lex
500 3840 650 3908 Mamilia
670 3851 891 3924 ‘pecuniaeque
910 3850 965 3922 001·
979 3849 1054 3907 uolet
1071 3849 1173 3922 peticio
1193 3847 1252 3906 iae
1272 3850 1336 3921 000

191 3955 266 4010 esio’
283 3944 356 4010 sim.
377 3945 412 4008 in
432 3947 519 4010 Aere
540 3945 689 4032 Salpens.
713 3955 746 4011 et
766 3944 911 4010 Malaeit.
933 3942 976 4009 al.
997 3979 1040 3990 -
1060 3944 1095 4008 id
1117 3944 1226 4030 priseo
1248 3966 1336 4010 more

191 4055 267 4127 ‘qais
281 4053 367 4112 aoiei'
384 4048 570 4126 dicebatur:
587 4057 625 4113 ut
640 4055 689 4112 est
704 4046 739 4110 in
755 4045 909 4113 Siliorum
931 4046 971 4111 de
993 4046 1192 4132 ponderibus
1214 4045 1335 4132 plebei-

134 4193 139 4204 .
191 4149 273 4216 seito
291 4149 1130 4236 0010001010.2460000111000101000000100
1144 4155 1335 4213 1000010...
1367 4215 1377 4222 ,

191 4257 298 4319 lieeia'
877 4243 879 4248 ’

276 4354 420 4420 Omnino
445 4374 510 4420 non
537 4354 617 4420 satis
643 4353 752 4421 adhue
774 4353 970 4423 observatus
1001 4361 1053 4421 est
1076 4351 1231 4440 antiquus
1257 4373 1336 4418 usus
