3282 4970
392 326 440 374 nu
463 326 515 375 xu
539 327 753 378 rssvnssvu
775 328 953 392 aunrovns
976 329 1265 383 cousrrrvuums.
1342 317 1403 386 105

259 486 353 563 cupit’
370 519 411 530 -
427 488 468 547 ‘et
480 487 629 564 concupit'
654 484 746 550 Festi
765 483 843 550 libri
862 508 896 572 p.
911 485 974 552 364
988 521 1030 534 -
1045 485 1182 554 mirilico
1200 487 1335 574 languet
1355 497 1401 556 at·

259 607 322 672 que
333 583 478 652 otiosum
492 596 556 653 est:
584 585 671 674 quod
690 586 761 651 iure
781 586 926 674 explosit
938 586 1150 655 Eichstadius
1166 587 1232 674 (De
1247 589 1402 658 ICtorum

259 693 358 774 'atque
368 685 610 774 philologorum
619 688 762 754 discordi
774 710 873 776 saepe
881 690 1140 758 concordialem
1149 690 1269 778 1839p.
1279 693 1316 756 17
1325 693 1400 780 sq.).

160 881 163 884 -
260 788 294 854 Is
309 797 419 856 autem
439 811 612 878 perperam
626 789 725 856 rediit
739 791 782 856 ad
799 790 958 878 scaligeri
974 793 1208 860 correctionem
1230 800 1403 874 ‘vineaeque

259 898 430 972 concupes’,
453 891 493 958 de
516 915 581 980 qua
596 915 673 960 vere
694 893 809 960 statuit
824 895 863 960 O.
880 893 1057 962 Muellerus
1079 893 1122 961 ad
1137 896 1226 961 Fest.
1242 895 1263 960 l.
1295 896 1350 962 Ac
1361 920 1402 962 ne

260 993 456 1060 Mommseni
476 993 608 1082 quidem
628 996 807 1062 auctoritas
830 995 917 1084 quod
937 1018 1041 1085 nuper
1060 997 1095 1061 in
1110 998 1203 1064 Festi
1224 997 1295 1064 cod.
1313 1007 1401 1086 quat.

260 1093 345 1164 XVI
358 1118 391 1182 p.
408 1095 448 1161 76
463 1096 610 1164 breviter
630 1098 760 1164 notavit
775 1099 882 1164 ‘unice
903 1121 983 1166 vera
1004 1109 1054 1166 est
1074 1099 1258 1166 emendatio
1279 1099 1400 1185 [Bosii]

253 1205 288 1262 *e
302 1198 464 1279 componet
480 1199 680 1286 persuadere
694 1200 816 1286 potuit:
845 1223 918 1266 cum
934 1200 1015 1266 mihi
1030 1201 1163 1289 quidem
1179 1202 1273 1270 unice
1286 1203 1401 1290 probe-

262 1309 317 1366 tur
334 1299 539 1387 ingeniosum
556 1300 706 1369 Muelleri
731 1301 901 1369 inventum
927 1310 962 1368 ‘e
981 1311 1161 1384 concupe’
1177 1342 1219 1354 —-
1233 1305 1299 1370 nisi
1314 1304 1402 1392 quod

261 1409 443 1483 ‘concupi’
458 1404 566 1491 potius
582 1426 625 1470 ex
639 1403 789 1470 codicum
804 1406 955 1492 vestigiis
971 1407 1110 1472 auritis:
1128 1405 1402 1494 quemadmodum

260 1505 347 1573 VIII
364 1506 403 1571 12
418 1509 517 1572 ‘luci'
534 1528 576 1571 ex
588 1506 659 1572 XII
674 1517 708 1572 et
721 1507 757 1572 in
768 1507 867 1572 Ennii
881 1507 1094 1576 imitationem
1111 1515 1151 1574 ‘si
1162 1516 1237 1596 luci,
1253 1516 1281 1574 si
1293 1530 1372 1575 aaa.
1382 1516 1402 1572 .'

260 1617 296 1690 ct
312 1607 347 1673 in
367 1606 554 1674 testimonia
576 1608 676 1675 Gellii
696 1609 749 1676 XI
772 1610 828 1693 18,
851 1611 871 1676 8
892 1621 925 1677 et
946 1610 1112 1678 Ciceronis
1135 1635 1168 1699 p.
1188 1611 1296 1680 Tullio
1317 1615 1337 1694 ξ
1359 1611 1401 1676 47

260 1709 424 1796 transiit¹)
439 1709 525 1776 male
538 1709 614 1776 hinc
629 1711 803 1798 expulsum
825 1713 867 1778 ab
884 1712 1068 1780 editoribus
1089 1725 1220 1800 praeter
1234 1712 1402 1780 Kellerum

260 1813 422 1880 omnibus.
437 1839 440 1846 ¹
459 1816 630 1894 ‘Concepit’
646 1823 755 1879 autem
770 1814 968 1894 vocabulum
983 1815 1046 1880 etsi
1060 1815 1194 1882 aliunde
1208 1824 1321 1882 notum
1335 1839 1402 1882 non

260 1924 326 1998 est,
347 1924 457 1981 tamen
477 1923 511 1981 et
531 1914 597 2001 legi
617 1915 771 1982 formatio
792 1917 929 2004 antiqua
951 1926 984 1984 et
1005 1918 1202 2004 significatio
1227 1918 1303 1985 huic
1329 1916 1401 1984 loco

259 2016 380 2106 optime
395 2017 555 2104 congruit.
578 2019 655 2104 Ipse
661 2016 837 2083 Muellerus
852 2018 968 2085 iamin
981 2041 1077 2085 usum
1093 2041 1189 2084 suum
1199 2021 1301 2086 vertit
1308 2019 1403 2084 Pauli

258 2118 403 2204 glossam
418 2141 451 2208 p.
467 2119 530 2187 225
544 2127 735 2201 ‘prorupit
746 2127 905 2202 presentes
920 2143 998 2200 quoe
1012 2127 1051 2187 ab
1065 2143 1124 2187 uno
1137 2128 1236 2203 capite
1245 2127 1400 2203 procedre

259 2260 301 2272 -
325 2222 369 2289 cf.
389 2222 487 2310 paulo
509 2222 605 2291 aliter
625 2233 818 2312 comparata
838 2229 992 2306 ‘procopia
1016 2231 1184 2306 prosimus’
1211 2229 1402 2305 ‘procursibus

257 2331 415 2406 amima>
433 2324 544 2392 Gloss.
557 2324 639 2391 Isid.
655 2349 711 2390 -τ
737 2334 867 2413 poterat
882 2327 983 2393 etiam
1003 2325 1143 2392 alterum
1162 2326 1226 2392 huc
1245 2349 1401 2394 rovocare

259 2449 291 2516 p.
307 2429 346 2494 91
369 2419 622 2508 ‘farmucapes
643 2429 705 2514 (ita
726 2427 812 2496 Soal.
829 2433 1015 2506 formosulos
1035 2427 1106 2495 cod.
1129 2429 1301 2496 manifesto
1323 2430 1401 2515 err.)

256 2533 391 2612 forcipes
405 2535 503 2598 dictae
517 2536 600 2624 quod
607 2535 712 2609 formo
726 2537 861 2611 cupiant'
876 2532 919 2597 cf.
934 2555 965 2618 p.
984 2532 1036 2597 84.
1064 2530 1228 2596 Nimirum
1241 2531 1322 2597 haec
1336 2531 1401 2596 fuit

259 2633 364 2700 forma
375 2634 538 2700 vetustior
554 2655 665 2700 eorum
677 2635 806 2720 quaein
822 2642 924 2725 ‘ceps’
943 2644 1059 2720 postea
1073 2642 1242 2702 contracta
1257 2643 1333 2700 sunt
1350 2632 1400 2698 vel

258 2735 541 2804 substantivorum
550 2736 604 2804 vel
614 2736 866 2818 adieetivorum,
877 2747 914 2802 ut
924 2744 1114 2823 ‘manceps'‚
1127 2743 1281 2823 ‘auceps’‚
1297 2743 1400 2823 ‘prae-

258 2846 358 2925 ceps’‚
375 2842 534 2925 ‘anceps'2
557 2848 656 2927 atque
671 2846 838 2922 ‘recteest
855 2843 1009 2921 ‘Modresij
1025 2844 1216 2921 ‘praecipat’
1229 2837 1400 2904 nominati-

258 2962 317 3008 vos
338 2939 482 3028 antiquis
503 2940 607 3006 fuisse
627 2941 789 3007 Plautinis
810 2941 969 3029 exemplis
990 2941 1181 3007 Priscianus
1209 2941 1401 3028 comprobat

257 3064 289 3128 p.
311 3042 374 3108 725
392 3042 431 3108 Ρ.
453 3043 497 3108 cf.
512 3041 659 3129 Scaliger
680 3041 723 3108 ad
744 3043 837 3110 Festi
856 3043 878 3109 l.
915 3045 1002 3109 Tum
1023 3066 1063 3110 ne
1082 3043 1248 3110 notionem
1268 3043 1399 3129 quidem

258 3146 437 3232 ‘concapis'
451 3144 593 3210 alienam
607 3167 680 3212 esse
695 3147 737 3212 ab
758 3145 905 3212 hocloco
920 3144 1068 3211 eiusdem
1089 3145 1201 3232 stirpis
1223 3144 1319 3210 docet
1335 3167 1400 3210 vox

257 3247 459 3336 ‘capistrum’
475 3245 516 3312 de
528 3246 653 3313 vitibus
666 3247 817 3314 adhibita
831 3269 852 3314 a
863 3245 1044 3314 Columella
1055 3247 1105 3314 IV
1117 3247 1170 3329 20,
1183 3249 1203 3312 3
1216 3254 1323 3326 ‘quare
1332 3267 1400 3312 cum

257 3354 301 3414 ud
312 3369 456 3416 mmmum
466 3355 574 3431 polum
587 3360 668 3417 recte
681 3356 748 3416 vitis
761 3360 882 3418 extento
895 3361 955 3433 est·
964 3355 1096 3431 capistro
1104 3355 1318 3429 constristatur
1331 3356 1399 3414 etc?

256 3451 463 3536 auam

256 3630 368 3694 propter
385 3625 597 3693 Scaligeranam
615 3629 769 3680 retractata
786 3621 873 3703 refert
890 3643 916 3694 p.
934 3628 960 3678 4.
991 3626 1028 3678 cf.
1047 3626 1217 3692 Bernaysius
1235 3626 1271 3677 Ἰ.
1290 3626 1313 3677 Ι.
1332 3624 1400 3676 Sca·

255 3712 339 3780 liger’
356 3729 384 3780 p.
403 3713 453 3764 144
470 3727 511 3778 sq.

337 3796 357 3862 ¹)
379 3798 467 3849 Recte
490 3797 556 3850 hinc
574 3797 754 3850 Schroeterus
774 3797 862 3850 efficit
884 3797 925 3863 (in
948 3796 1101 3850 Sohunckii
1118 3796 1188 3848 Ann.
1211 3796 1266 3851 litt.
1291 3797 1340 3848 iur.
1360 3797 1399 3849 1v

159 3905 161 3908 ·
256 3900 282 3951 p.
302 3881 345 3947 33)
364 3885 440 3934 ‘luce’
458 3883 550 3950 potius
568 3898 650 3950 quam
667 3883 739 3949 quod
758 3870 922 3950 quibusdam
940 3900 974 3935 ex
992 3883 1129 3950 prioribus
1141 3883 1230 3933 ulsum
1248 3885 1292 3934 est
1309 3883 1398 3934 ‘tatem
1479 3960 1483 3963 Π

256 3970 310 4020 diu’
329 3968 358 4018 iu
376 3967 439 4034 lege
458 3968 600 4033 extitissa;
620 3969 657 4024 of.
677 3969 761 4021 etiam
778 3968 898 4020 formula
921 3969 1076 4036 rogationis
1100 3967 1173 4034 apud
1191 3965 1301 4018 Livium
1319 3968 1399 4018 XXII

257 4055 298 4120 10,
317 4055 333 4104 6
349 4055 375 4105 si
391 4060 464 4106 nocta
481 4057 534 4108 stuc
552 4057 606 4106 luce
625 4081 658 4090 -
675 4056 758 4117 suxit,
775 4054 857 4120 probe
872 4056 969 4118 factum
987 4062 1051 4107 esto.
1076 4053 1224 4105 Caeterum
1243 4051 1400 4104 adverbiali

255 4140 328 4189 ‘nox'
348 4136 377 4203 (a
396 4138 509 4204 ‘nocts’)
528 4139 572 4190 cui
591 4143 656 4206 apte
676 4139 756 4190 ‘fors’
775 4138 935 4192 adverbium
955 4143 1098 4207 comparat
1111 4134 1263 4189 Corssenus
1280 4138 1309 4187 in
1322 4137 1396 4188 Kuh-
1512 4147 1514 4157 ’

255 4223 294 4274 nii
311 4223 413 4276 Annal.
425 4224 468 4276 111
486 4226 535 4276 291
547 4239 588 4290 sq.
600 4252 633 4261 -
651 4225 704 4276 etsi
722 4222 756 4274 de
775 4223 946 4292 explicandis
964 4225 1007 4276 his
1026 4224 1122 4276 formis
1140 4221 1214 4273 haud
1232 4237 1320 4288 aeque
1339 4238 1399 4288 per·
1440 4255 1442 4258 -

255 4309 394 4362 suasit-
415 4309 533 4362 Plautus
557 4323 666 4375 quoque
688 4309 777 4360 utitur
799 4308 876 4368 Asin.
895 4307 986 4376 1113,
1004 4311 1019 4360 7
1045 4307 1116 4374 (tat)
1141 4313 1209 4358 ‘nou
1231 4308 1255 4358 si
1276 4309 1344 4358 uoles
1368 4333 1399 4376 .··

254 4394 380 4451 manebo)
461 4451 465 4458 ,
