3282 4992
289 247 329 314 7ss
485 223 491 230 ’
515 242 520 253 ’
699 262 812 310 corve
835 262 1012 324 qvau'rvn.

287 417 488 504 pronominis
514 422 603 500 ‘qais’
629 438 689 502 pro
714 422 804 494 ‘qva
829 438 925 504 quem
950 415 993 480 ad
1019 414 1161 482 foederis
1186 416 1298 486 Latini
1327 415 1430 482 verba

289 520 377 606 apud
392 519 528 584 Festum
547 541 579 604 p.
601 518 660 584 166
683 523 862 582 ‘Pecuniam
881 523 946 596 qais
966 524 1116 590 nancitor,
1141 523 1262 582 tabeto’
1284 517 1429 584 breviter

288 622 418 686 notavit
438 619 585 704 Scaliger
605 625 687 700 ‘qais
701 642 761 706 pro
782 627 835 700 qai
854 619 1050 701 a'rpxa'ixdtc':
1072 620 1129 686 ubi
1148 641 1322 707 perperam
1344 626 1429 699 ‘qui’

288 745 373 816 eorr.
389 723 606 808 Augustinus.
636 721 762 788 Eodem
776 721 919 808 pertinet
932 721 967 785 in
981 721 1055 808 ipse
1069 720 1140 806 lege
1156 721 1226 787 XII
1244 726 1353 799 ‘qvia
1371 726 1428 785 leo-

259 898 261 902 ?
288 845 356 890 rom
368 828 432 902 fvit
445 845 535 888 avam
552 829 645 888 iudici
658 828 806 889 arbitrove
820 843 920 896 reove,
936 842 970 887 eo
985 827 1049 888 dies
1068 826 1215 900 diffensus
1234 831 1310 888 esio’
1327 823 1427 909 (112)

289 950 341 1014 ap.
358 927 492 991 Festum
508 926 626 1012 pais:
644 946 707 1012 quo
722 924 794 992 loco
810 925 1000 991 Turnebum
1012 925 1117 990 secuti
1132 931 1171 989 ‘si
1183 930 1267 1005 qaid’
1284 924 1429 1010 Scaliger

290 1039 322 1094 et
338 1028 377 1094 O.
393 1027 571 1094 Muellerus
587 1027 758 1092 dederunt.
779 1026 892 1113 Neque
908 1027 943 1090 in
957 1026 1030 1112 lege
1047 1025 1137 1092 oleae
1151 1026 1326 1092 faciundae
1341 1025 1428 1113 apud

290 1130 448 1196 Catonem
463 1152 490 1196 r.
506 1152 533 1194 r.
548 1153 577 1194 e.
597 1127 657 1194 145
678 1133 821 1193 ‘homines
835 1149 884 1194 eas
899 1133 969 1193 dato
985 1136 1037 1207 qai
1050 1134 1214 1210 placebivat
1231 1140 1284 1193 avt
1298 1133 1430 1206 (domino

290 1242 356 1314 aot)
372 1236 555 1297 custodiant
568 1237 650 1310 qvis
664 1250 730 1295 eam
745 1237 840 1295 oleam
853 1236 968 1295 emerit’
985 1227 1101 1296 merito
1112 1228 1247 1310 vel-‘qai
1264 1239 1342 1295 eam’
1361 1253 1429 1296 eor·
1536 1242 1538 1246 '

290 1344 447 1401 rexerunt
467 1334 592 1422 priores
616 1332 756 1398 editores
777 1333 831 1398 vel
848 1339 918 1411 ‘qai
935 1339 1016 1396 sam’
1037 1354 1142 1419 nuper
1162 1332 1328 1399 Usenerue
1344 1332 1430 1398 Mus.
1497 1374 1512 1395 .

289 1436 338 1502 rh.
355 1435 443 1501 XIX
457 1459 489 1523 p.
508 1435 582 1499 144:
601 1445 633 1499 et
647 1444 734 1500 recte
749 1433 838 1520 apud
853 1433 993 1499 eundem
1008 1433 1166 1499 Catonern
1181 1457 1209 1499 e.
1227 1435 1344 1502 148‘si
1362 1445 1431 1500 ante

289 1560 348 1604 noa
363 1545 579 1626 deportaverit,
595 1542 731 1602 dominas
745 1544 813 1602 virro
828 1541 918 1618 qvid
936 1543 1012 1602 volet
1022 1540 1135 1613 saeiet’
1156 1537 1233 1602 inde
1248 1559 1268 1602 a
1282 1537 1429 1604 Victoria

290 1649 425 1715 servant
439 1641 594 1706 editores.
623 1638 716 1704 Idem
731 1648 841 1704 autem
856 1661 935 1704 usus
950 1638 985 1701 in
1000 1637 1095 1704 Oscis
1110 1640 1329 1726 monumentis
1345 1661 1430 1706 eom-

289 1753 384 1830 paret
405 1742 488 1807 Tab.
510 1743 607 1806 Bant.
630 1766 662 1807 v.
681 1742 720 1806 19
741 1748 805 1822 ‘pis
825 1761 892 1806 cevs
911 1744 1041 1804 Bootins
1058 1744 1141 1818 svat’
1166 1741 1188 1804 i.
1204 1763 1232 1805 e.
1255 1740 1328 1828 ‘qui
1348 1734 1430 1806 civis
1511 1775 1515 1782 ·

249 1895 259 1908 .
289 1843 450 1908 Bantinus
472 1844 533 1910 sit'
555 1853 587 1908 et
602 1843 696 1930 inp.
714 1841 823 1909 Abell.
845 1848 935 1906 ‘inira
951 1847 1010 1923 pia
1029 1850 1090 1907 esei
1107 1847 1274 1907 thesaurei'
1296 1842 1318 1908 i.
1335 1865 1363 1908 e.
1382 1850 1432 1908 ‘et

290 1945 451 2032 quidquid
466 1967 493 2010 s.
509 1945 597 2031 quod
617 1945 652 2008 in
673 1967 710 2010 eo
731 1944 883 2010 thesauro
899 1953 968 2010 est'
992 1943 1033 2010 cf.
1050 1943 1271 2011 Mommsenus
1287 1945 1339 2010 De
1347 1942 1430 2010 Ital.

289 2047 455 2112 inferioris
471 2046 548 2112 dial.
564 2070 596 2133 p.
612 2047 686 2112 290.

335 2233 341 2246 ῃ
375 2150 567 2215 Tenendum
598 2159 649 2215 est
681 2159 791 2215 autem
823 2149 986 2214 tertiam
1017 2171 1147 2236 semper
1181 2149 1215 2213 in
1247 2148 1431 2236 praeceptis

290 2274 499 2340 personam
513 2249 675 2338 intellegi,
691 2274 867 2338 numquam
883 2250 1035 2317 alteram:
1052 2253 1170 2318 utiam
1185 2250 1262 2316 inde
1278 2251 1431 2338 suspitio·

289 2354 341 2419 nis
356 2363 468 2420 notam
483 2353 582 2418 ducat
602 2354 690 2441 quod
710 2353 831 2417 iniuria
850 2352 915 2438 legi
935 2376 955 2417 a
976 2353 1092 2420 Servio
1112 2355 1268 2442 imputari
1289 2352 1432 2420 vidimus

291 2462 379 2521 ‘neve
398 2461 527 2522 alienam
546 2467 672 2535 sepetera
687 2461 893 2535 pellexeris'
918 2454 1019 2540 (VIII
1038 2456 1084 2542 i).
1117 2457 1226 2544 Atque
1251 2458 1313 2520 hoe
1333 2454 1433 2520 semel

291 2558 422 2644 saepius
438 2558 654 2643 neglexerunt
668 2557 732 2645 qui.
746 2557 781 2621 in
800 2557 871 2643 lege
894 2557 1018 2623 versati
1038 2567 1129 2623 sunt:
1151 2567 1189 2624 ut
1209 2558 1279 2624 Xe
1301 2559 1435 2624 ‘Homini

290 2674 404 2724 mortae
419 2681 456 2723 oe
475 2681 543 2724 ossa
562 2667 649 2739 tepito
669 2681 726 2738 arvo
743 2671 811 2740 post
826 2663 923 2737 savos
940 2664 1058 2738 saciat’
1074 2659 1209 2726 fuerunt
1224 2661 1280 2747 qui
1296 2664 1430 2738 ‘savias'

291 2761 494 2847 corrigerent
508 2801 550 2812 -
565 2762 622 2827 ubi
642 2763 803 2828 Dirkseni
823 2763 907 2827 mira
927 2771 977 2828 est
994 2762 1171 2829 haesitatio
1192 2785 1224 2850 p.
1241 2761 1303 2828 673
1319 2801 1359 2812 —-
1376 2771 1433 2828 aut

290 2862 341 2928 VI
362 2863 380 2928 t
402 2862 628 2928 Gothofredus
651 2864 742 2929 dedit
760 2867 907 2944 ‘Tiaaam
932 2871 1062 2930 torveiam
1088 2869 1211 2930 aeditus
1236 2873 1373 2931 vineaeve
1395 2887 1433 2928 ae

291 2985 423 3052 vooeape
444 2977 472 3029 et
491 2987 529 3030 oe
549 2971 666 3030 solvito'
689 2975 747 3032 aut
767 2989 809 3031 ex
828 2967 920 3032 Festi
941 2967 1052 3052 glossa
1072 2991 1103 3054 p.
1119 2968 1183 3033 264
1204 2974 1351 3050 ‘rupitias
1365 2971 1437 3032 XII

291 3075 443 3148 sipaifioat
462 3072 604 3132 damnvm
626 3073 758 3133 dederit’
784 3068 921 3134 Contius
937 3069 1057 3155 aliique
1073 3069 1249 3135 effecerunt
1264 3075 1362 3151 ‘qaod
1374 3092 1432 3134 ru-

289 3177 380 3252 pitias
400 3177 526 3236 sarcito'
542 3209 585 3218 -
600 3175 755 3235 ‘dederis’
777 3171 866 3257 apud
886 3171 974 3235 Fest.
995 3180 1145 3254 mutat03-
1162 3171 1310 3257 neglexit
1336 3172 1434 3237 etiam

291 3275 347 3361 qui
361 3295 466 3360 nuper
481 3295 522 3337 ex
537 3272 774 3359 Porphyrionis
790 3272 900 3338 verbis
917 3272 1079 3359 corruptis
1100 3272 1181 3340 haec
1200 3283 1346 3339 monstra
1360 3273 1433 3339 effe-

291 3376 336 3441 cit
349 3381 394 3438 ‘si
414 3381 445 3438 ia
461 3381 507 3439 ias
521 3382 646 3457 vocasti,
662 3381 695 3438 ai
713 3381 748 3452 it,
764 3381 941 3439 vatestamio
963 3381 1070 3453 iqitvr,·
1089 3397 1132 3439 ea
1148 3378 1205 3462 (=
1219 3377 1294 3462 age)
1317 3383 1431 3456 capito'

291 3475 489 3542 Hauthalius
509 3476 544 3540 in
559 3475 680 3541 Annal.
699 3477 748 3541 rei
767 3497 918 3564 gymnas.
943 3477 997 3558 18,
1012 3477 1075 3541 518
1091 3501 1140 3564 sq.
1171 3476 1235 3543 Ed.
1259 3477 1433 3544 Scholiast.

291 3579 372 3644 Hor.
389 3576 425 3642 ΙΙ
442 3579 457 3642 1
475 3600 507 3664 p.
527 3577 638 3661 165¹),
654 3601 722 3644 non
736 3577 864 3645 felicior
879 3577 935 3654 ille
951 3579 1077 3645 Rittero
1100 3579 1157 3667 qui
1178 3579 1258 3645 talia
1272 3603 1433 3664 commen·

291 3691 344 3746 tus
360 3690 426 3746 est:
443 3684 484 3764 ‘si
496 3687 540 3747 vis
555 3687 702 3746 vacationi
715 3692 822 3758 testem,
838 3700 904 3744 eam
921 3687 1033 3760 tarpito
1047 3687 1124 3746 eada
1138 3688 1259 3763 eapite?

292 3822 479 3834 -rn—u—-n

361 3887 384 3955 ¹)
405 3887 546 3954 estquod
564 3887 759 3956 ‘antestavriao’
778 3889 824 3941 vel
843 3888 915 3954 quod
933 3889 1040 3940 invenit
1059 3892 1242 3941 ‘antestamia’
1262 3890 1353 3941 altera
1371 3894 1434 3940 tan·

291 3980 348 4024 tum
366 3989 486 4040 persona
503 3975 590 4024 stetui
607 3990 689 4040 posse
708 3975 850 4037 videatur,
868 3973 1058 4038 inspiciendus
1080 3973 1135 4024 fuit
1152 3975 1310 4041 Madvigius
1329 3974 1433 4040 Opuse.

291 4059 319 4108 11
338 4077 366 4124 p.
383 4061 441 4110 240.
478 4059 603 4110 Tertiam
621 4059 709 4110 hebes
728 4059 868 4122 ‘fraimiao’
887 4059 958 4108 Tah.
978 4059 1095 4114 Gennet.
1115 4062 1156 4112 32.
1175 4062 1356 4125 ‘profitemivo'
1375 4061 1433 4110 Lex

292 4144 365 4194 Iulia.
384 4161 456 4194 mun.
476 4147 502 4197 3.
521 4147 545 4198 5.
565 4147 588 4197 s.
610 4147 650 4194 11.
675 4146 890 4194 ‘denuntiantia’
910 4145 970 4194 Lex
988 4143 1022 4195 de
1041 4146 1122 4209 equis
1142 4159 1187 4210 ep.
1205 4143 1353 4194 Marinium
1372 4145 1434 4194 Aet.

292 4228 326 4278 fr.
345 4229 440 4280 Arval.
459 4229 472 4278 I
490 4247 516 4296 p.
531 4232 572 4292 70,
593 4231 632 4281 16.
657 4231 783 4278 ‘consvles
800 4231 986 4294 appellamino’
1006 4229 1042 4295 (i)
1063 4229 1161 4280 Cicero
1180 4228 1213 4280 de
1231 4229 1286 4296 leg.
1305 4227 1391 4293 1113,
1409 4232 1433 4286 8,

293 4312 341 4362 ubi
360 4317 566 4384 ‘appellaminoel’
585 4313 723 4384 Berghius
741 4313 812 4366 Phil.
833 4315 873 4378 14,
894 4315 950 4366 186.
987 4377 990 4382 ¹
