3282 4992
327 305 374 354 Du
397 307 449 354 XII
471 306 684 355 TABVLARVM
706 307 883 368 RELIQVIIS
907 307 1194 362 cossrlrvuums.
1291 296 1331 383 v

189 461 292 526 fuisse
308 466 499 526 ‘teucris'
515 461 614 527 fidem
629 461 711 528 facit
725 462 848 528 Paulus
864 485 935 528 exe.
959 486 1000 528 ex
1011 463 1100 529 Fest.
1116 486 1149 551 p.
1161 465 1203 530 82
1214 489 1245 531 v.
1261 487 1332 545 erpo

190 611 288 628 .....
304 569 383 628 ‘cum
399 569 527 630 dicimus
542 569 580 628 de
594 571 695 644 ulique
712 570 833 629 “stutuu
849 571 975 632 donatus
988 577 1033 631 est
1045 571 1196 632 honoris
1209 574 1332 632 uirtu-

189 673 317 746 tisque
334 673 464 745 erpe”,
491 674 551 731 isc.
571 671 601 730 h.
624 690 651 732 u.
667 673 793 742 cuusu’,·
809 667 851 733 cf.
870 673 1007 734 ‘tenuis
1025 675 1114 748 erpc’
1130 667 1205 736 Liv.
1222 670 1238 735 Ι
1253 671 1287 755 8,¹
1300 672 1332 734 6.

189 768 321 856 Optime
337 791 414 834 sane
430 769 474 833 ad
488 769 685 857 ‘pecuniam’
701 769 833 836 honoris
842 818 851 852 ,
876 771 920 836 ad
935 771 1078 856 ‘ipsum’
1093 771 1224 838 virtutis
1240 773 1331 838 notio

189 871 332 958 respicit.
369 871 416 935 At
436 893 478 936 ne
498 870 612 937 eodem
632 872 743 938 facere
766 870 856 937 dicas
879 871 969 959 quod
989 873 1136 960 sequitur
1157 878 1242 954 ‘quis
1260 895 1333 954 upa

188 973 340 1037 tonosi'
362 971 426 1038 loci
446 973 532 1039 ratio
553 983 654 1040 vetat.
691 975 841 1061 Namque
861 974 896 1039 id
917 975 1025 1061 ipsum
1045 981 1130 1040 raon.
1153 983 1221 1041 virt.
1242 985 1331 1057 erpo’

187 1085 380 1162 nonsptum
401 1084 452 1140 est
477 1077 640 1142 ex'verbo
666 1078 754 1143 unde
777 1076 953 1142 voluerunt
972 1077 1114 1144 editores
1136 1081 1257 1143 ‘dcitur
1276 1087 1331 1154 ei’‚

75 1179 78 1183 ’
188 1199 302 1244 verum
317 1199 360 1242 ex
376 1183 511 1258 ‘'purtl':
530 1178 594 1244 hoc
611 1178 698 1242 enim
719 1177 901 1247 luculenter
921 1175 1041 1266 probat
1056 1177 1222 1246 Ciceronis
1242 1182 1332 1248 testi-

187 1281 333 1346 monium
349 1281 390 1345 de
406 1281 470 1364 leg.
487 1280 596 1364 1124,
613 1280 655 1345 60
678 1285 751 1346 ‘Ille
773 1289 833 1346 iem
854 1288 1035 1361 stucipccuc
1053 1293 1097 1347 est
1114 1285 1216 1348 leudis
1236 1302 1331 1346 uuu-

187 1393 287 1447 meutc
302 1387 345 1446 ud
358 1393 487 1448 mutuos
500 1390 652 1463 pertinere
663 1389 743 1462 quod
756 1404 929 1448 corsuum
945 1391 1085 1450 uirtute
1095 1395 1248 1464 partum
1262 1397 1292 1450 et
1304 1383 1334 1451 ei

187 1491 241 1564 qui
250 1492 416 1565 peperisset
428 1495 458 1549 et
470 1492 535 1550 eius
546 1492 670 1565 percuti
681 1493 746 1551 siue
763 1491 882 1562 fraude
895 1509 958 1552 esse
977 1495 1028 1551 lece
1042 1493 1209 1567 impositum
1224 1493 1331 1554 iubet’:

187 1609 252 1674 quo
268 1587 321 1652 vel
336 1609 400 1652 uno
418 1586 585 1652 distinctio
600 1587 665 1653 loci
680 1587 822 1652 Pliniani
844 1612 863 1653 a
878 1589 971 1654 lanio
993 1589 1161 1675 proposita
1175 1589 1330 1656 reiicitur.

186 1727 229 1738 -
243 1689 347 1755 Porro
362 1711 423 1775 pro
440 1694 568 1754 ‘ductus'
587 1727 624 1736 -
640 1690 688 1755 ita
703 1689 887 1756 Vossianus
909 1715 952 1756 m.
968 1713 1018 1778 pr.
1041 1702 1074 1758 et
1089 1691 1193 1762 Paria
1210 1691 1232 1756 d
1251 1693 1331 1757 mi

188 1829 227 1840 -
246 1792 317 1857 sive
333 1795 503 1872 ‘cicuitum
519 1800 557 1856 ut
572 1790 765 1875 Toletanus,
782 1815 902 1878 exque
919 1803 1107 1881 corruptum
1128 1803 1179 1859 est
1195 1795 1332 1860 ‘diuidi-

186 1901 249 1958 tur’
260 1894 294 1958 in
307 1891 517 1961 Ohiffletiano
531 1903 563 1959 et
575 1893 681 1959 Paris.
699 1917 741 1959 m.
759 1918 807 1981 pr.
820 1933 862 1942 —-
884 1901 1048 1975 ‘arquitur'
1065 1919 1138 1962 cum
1157 1895 1229 1962 aliis
1247 1899 1329 1983 opti-

186 2015 258 2062 mus
279 1995 514 2060 Riceardianus
536 2004 569 2060 et
589 1995 744 2062 Vossiani
766 2018 881 2061 manus
904 1995 1008 2062 altera
1037 2036 1071 2045 —
1100 2020 1196 2084 qnam
1222 1999 1331 2085 priore

185 2117 251 2166 non
266 2097 368 2164 multo
384 2121 454 2164 esse
470 2097 683 2164 recentiorem
698 2099 859 2165 iudicavit
869 2099 914 2163 du
922 2098 1057 2166 Rievius
1071 2098 1159 2186 apud
1167 2098 1330 2166 Detlefse·

186 2223 265 2267 num
279 2199 366 2265 Mus.
381 2199 472 2265 rhen.
492 2199 559 2264 XV
574 2200 637 2265 275
652 2238 694 2249 -
708 2210 887 2284 testantur3
909 2201 943 2266 id
968 2201 1057 2288 quod
1077 2211 1167 2268 certo
1189 2202 1329 2287 vestigio
1442 2211 1446 2216 ’

186 2302 278 2369 ducit
290 2301 332 2366 ad
344 2302 512 2388 antiquam
528 2302 668 2367 formam
682 2302 773 2366 haud
786 2303 1002 2388 spernendam
1017 2308 1234 2368 ‘ardutium'
1252 2303 1329 2369 Fre-

186 2414 327 2492 quenter
338 2403 424 2468 enim
440 2405 612 2491 antiquum
628 2425 808 2469 sermonem
825 2412 896 2469 ‘ar’
913 2426 1091 2492 usurpasse
1112 2425 1171 2492 pro
1186 2404 1254 2470 ‘ad'
1269 2428 1327 2471 no·

185 2516 333 2572 tumeat:
352 2505 394 2570 cf.
407 2504 568 2571 Priscian.
582 2528 615 2592 p.
626 2505 691 2571 559
701 2507 737 2574 P.
750 2505 768 2570 Ι
783 2529 815 2593 p.
824 2506 866 2572 35
878 2491 920 2572 H.
938 2515 1101 2585 ‘arcenus',
1117 2513 1252 2584 ‘urfiues'
1264 2517 1327 2573 etc.

186 2619 218 2674 et
233 2606 385 2694 exempla
405 2608 494 2694 apud
510 2608 743 2673 Schneiderurn
758 2607 903 2677 Gramm.
915 2608 937 2691 ΙΙ
952 2633 984 2696 p.
999 2609 1061 2677 257
1082 2618 1116 2674 et
1130 2608 1333 2675 Oorssenum·

187 2711 228 2776 de
247 2711 370 2777 Enunt.
393 2709 415 2774 l.
432 2708 453 2774 l.
471 2710 489 2775 I
510 2709 600 2796 pse
616 2733 664 2797 sq,
686 2709 842 2797 pleraque
863 2710 1015 2793 collecta,
1036 2712 1154 2797 quibus
1176 2710 1329 2777 addenda

186 2820 373 2878 ‘procurare
392 2834 482 2892 saepe
503 2817 671 2877 eduocure'
694 2835 736 2876 ex
757 2812 902 2878 Thomae
919 2813 1018 2878 Thes.
1034 2836 1110 2880 nov.
1126 2812 1245 2879 latinit.
1260 2811 1329 2878 Mai

186 2916 290 2981 Olass.
306 2924 392 2981 auct.
408 2914 495 2980 VIII
510 2938 541 3000 p.
554 2914 606 3004 56,
624 2921 781 2978 ‘cruciere
793 2935 852 2994 pro
866 2919 1027 2980 aducture’
1043 2916 1089 2980 ib.
1105 2916 1158 2997 60,
1176 2922 1331 2980 ‘cruentet

186 3023 343 3083 adueniel'
366 3040 408 3082 ex
428 3016 555 3082 Placidi
570 3016 671 3101 gloss.
688 3016 819 3096 111435
834 3017 880 3081 M.
902 3023 1059 3083 ‘arcersire
1075 3037 1135 3098 pro
1149 3021 1231 3082 udu'
1248 3017 1326 3082 Dio·

185 3121 294 3185 medes
310 3143 342 3206 p.
357 3120 430 3184 447.
461 3119 557 3199 Quod
573 3141 646 3183 cum
662 3129 736 3184 ante
752 3120 790 3200 b,
807 3111 840 3200 l,
856 3143 878 3184 v
899 3117 1026 3184 litteras
1042 3117 1129 3184 solas
1151 3119 1258 3184 locum
1272 3119 1327 3183 ha·

183 3224 263 3288 bere
279 3221 431 3296 Osannus
448 3221 491 3286 ad
507 3221 664 3307 Pompon.
682 3221 722 3286 de
737 3220 818 3305 orig.
834 3221 896 3285 iur.
912 3245 944 3308 p.
961 3221 1002 3285 68
1017 3229 1082 3286 not.
1106 3220 1326 3302 contenderet,

184 3323 307 3391 oblitus
323 3335 373 3390 est
388 3345 499 3390 eorum
514 3345 597 3409 quae
612 3323 676 3388 iam
682 3323 870 3390 Priscianus
885 3323 1015 3389 notavit
1030 3327 1156 3402 ‘arper'‚
1173 3327 1326 3398 ‘ureess0'‚

185 3433 317 3509 ‘urcic’‚
333 3425 421 3512 quod
437 3433 620 3490 extremum
635 3426 730 3491 novis
753 3425 948 3491 testimoniis
964 3425 1125 3512 probatur
1140 3432 1258 3491 ‘urcitc'o
1273 3447 1327 3491 co-

184 3535 279 3594 eutio'
300 3537 333 3593 et
349 3531 463 3592 “circui
482 3533 595 3592 ueeuti'
617 3549 660 3592 ex
680 3526 789 3593 Gloss.
812 3537 877 3593 vet.
900 3527 978 3592 Mai.
1001 3527 1051 3592 VI
1071 3551 1103 3615 p.
1119 3528 1193 3594 509.
1223 3528 1326 3594 Porro

185 3629 413 3716 dignissimum
440 3638 555 3695 notatu
581 3629 767 3716 exemplum
793 3629 938 3695 Thomas
968 3630 1067 3695 Thes.
1098 3631 1328 3708 subministrat

184 3717 217 3820 pss
231 3735 272 3800 57
290 3738 447 3810 ‘urdesus¹
468 3739 593 3805 sterilis.
614 3739 717 3810 exilis,
737 3737 853 3810 obesus,
874 3739 1017 3797 caesus':
1037 3731 1095 3798 ubi
1117 3731 1270 3798 vocalis
1292 3731 1327 3797 vi

184 3835 316 3902 videtur
330 3835 481 3900 effectum
497 3855 587 3916 esse,
609 3844 645 3899 ut
666 3857 788 3921 anceps
806 3857 908 3900 *sonus
929 3845 1026 3920 atque
1046 3835 1162 3900 interr
1183 3842 1216 3898 et
1231 3833 1252 3897 d
1267 3833 1326 3897 flu-

184 3947 300 4004 ctuans
315 3946 455 4022 utraque
470 3937 581 4002 littera
596 3936 845 4022 exprimeretur.
878 3936 968 4002 Haec
982 3945 1091 4002 autem
1113 3958 1180 4002 vox
1202 3933 1327 4000 sufficit
1447 4017 1449 4021 .

184 4027 456 4138 ad'rel'ellendum
471 4039 558 4125 quod
580 4050 693 4105 contra
708 4037 943 4104 Schneiderum
959 4038 1088 4104 Pottius
1110 4035 1278 4102 contendit
1291 4036 1327 4101 in

183 4140 306 4208 Kuhnii
322 4141 409 4208 Ann.
425 4140 503 4227 ling.
519 4165 624 4229 comp.
640 4141 781 4208 132611.
798 4147 869 4206 ‘ar'
886 4150 919 4207 et
933 4140 1008 4206 ‘ad'
1025 4162 1091 4205 non
1106 4139 1178 4206 soni
1190 4147 1248 4204 aut
1262 4138 1326 4202 for-

184 4265 271 4326 mae,
288 4244 347 4310 sed
362 4244 436 4331 ipsa
450 4245 563 4330 stirpis
580 4244 774 4310 diversitate
789 4244 932 4330 seiungi:
954 4243 988 4309 id
1003 4243 1091 4328 quod
1112 4263 1174 4308 nec
1188 4241 1326 4324 sanseri-

181 4354 290 4410 tarum
310 4369 429 4413 vocum
447 4348 541 4411 ‘irat’
563 4356 595 4412 et
614 4345 715 4410 ‘adhi'
737 4367 842 4434 neque
864 4344 1053 4413 celticarum
1069 4341 1268 4411 ‘Armorica'
1286 4343 1327 4408 al.

235 4455 354 4510 Schoell,
376 4455 440 4509 Legis
455 4456 494 4498 Xll
508 4461 552 4503 tab.
567 4457 629 4510 reliq.
1104 4449 1124 4516 6
