3282 4970
763 300 902 350 risum
924 302 956 348 x.
1029 343 1031 349 .
1107 313 1117 370 j

839 454 871 518 4.
1335 503 1338 508 .

371 557 545 624 MVLIERES
576 574 689 624 suuis
718 575 763 622 NE
791 573 957 624 RADVNTO
986 572 1079 634 NEVE
1113 569 1248 622 Lussviu
1282 571 1431 621 FVNERIS

286 678 379 726 ERGO
402 677 580 728 ΗΑΒΕΝΤΟ.

841 744 871 810 5.
1368 803 1370 808 .

371 866 500 912 Homini
515 865 658 913 monive
670 867 715 912 Nu
729 865 815 913 osse
827 863 969 928 Laelio,
983 863 1053 924 Qvo
1065 819 1153 912 PbST
1169 863 1279 917 Fvuvs
1293 860 1432 910 siclin.

371 950 485 1019 Cicero
501 948 522 1014 l.
539 949 559 1014 l.
576 950 626 1016 60.
651 951 804 1035 ‘Excipit
819 948 971 1028 bellicam
986 949 1255 1036 peregrinamque
1271 953 1432 1034 mortem)

843 1052 873 1115 6.

371 1153 630 1220 Oieer01.1.60.
654 1153 763 1218 ‘Haeo
782 1161 954 1240 praeterea
974 1160 1051 1224 sunt
1070 1153 1104 1215 in
1127 1151 1270 1236 legibus:
1295 1150 1352 1234 [de
1372 1173 1430 1212 un-

287 1266 380 1322 ctura
399 1257 497 1344 quae]
520 1256 649 1321 seruilis
671 1263 810 1319 unctura
829 1253 956 1320 tollitur
978 1254 1146 1339 omnisque
1166 1253 1430 1338 circumpotatioz

286 1381 370 1444 quae
392 1368 425 1423 et
447 1367 534 1424 reete
557 1357 715 1424 tolluntur
736 1379 841 1444 neque
864 1355 1069 1438 tollerentur,
1092 1355 1163 1419 nisi
1186 1355 1337 1420 fuissent.
1381 1354 1432 1418 Ne

353 1551 379 1602 4.
398 1549 496 1600 cicero
514 1548 533 1600 l.
552 1549 570 1599 l.
589 1551 631 1611 25,
651 1550 685 1598 64
703 1548 753 1598 ‘de
772 1548 902 1598 lamentis
921 1561 986 1597 uero
1006 1560 1137 1612 expresse
1155 1544 1248 1596 uerbis
1267 1548 1330 1595 sunt
1348 1548 1432 1594 ‘mu-

287 1635 393 1686 lieres
412 1669 420 1684 .
440 1672 446 1684 .
466 1637 484 1684 .’
520 1635 561 1695 23,
575 1636 608 1685 59
627 1633 712 1683 ‘tollit
731 1635 815 1684 etiam
833 1632 1061 1684 lamentationem
1079 1629 1258 1682 ‘mulieres
1279 1665 1285 1678 .
1306 1664 1312 1678 .
1333 1633 1352 1682 .’
1370 1630 1432 1680 Hoc

288 1724 398 1770 ueteres
417 1719 584 1783 interpretes
603 1717 665 1770 Sex.
679 1718 785 1783 Aelius,
805 1719 837 1768 L.
850 1716 958 1768 Acilius
970 1732 1025 1767 non
1038 1715 1106 1766 satis
1125 1731 1155 1765 se
1174 1714 1337 1780 intellegere
1356 1714 1433 1764 dixe·

246 1831 249 1840 ·
287 1809 366 1868 runt,
386 1803 436 1856 sed
455 1803 592 1866 suspicari
610 1803 770 1854 uestimenti
790 1802 899 1869 aliquod
914 1817 1000 1869 genus
1013 1801 1155 1863 funebris,
1175 1801 1207 1850 L.
1220 1798 1315 1850 Aelius
1328 1798 1433 1849 lassum

288 1890 367 1955 quasi
384 1887 527 1953 lugubrem
547 1889 741 1948 eiulationem,
760 1892 791 1937 ut
808 1903 861 1939 uox
882 1889 943 1953 ipsa
961 1885 1116 1952 significat:
1141 1885 1213 1949 quod
1233 1901 1265 1934 eo
1284 1884 1372 1950 magis
1390 1884 1431 1933 iu-

287 1975 351 2025 dico
370 1988 464 2024 uerum
484 1987 558 2036 esse,
578 1974 644 2037 quia
669 1972 714 2024 lex
734 1972 842 2023 Solonis
860 1971 888 2024 id
911 1973 1000 2038 ipsum
1022 1974 1122 2021 uetat’
1158 1971 1195 2023 ef.
1213 1970 1295 2020 Tuse.
1314 1968 1385 2034 disp.
1404 1969 1433 2019 H

287 2063 330 2123 23,
348 2060 381 2110 56
399 2057 597 2123 ‘ingemiscere
614 2074 670 2109 non
687 2073 833 2123 numquam
852 2059 912 2108 uiro
932 2071 1094 2108 eoncessum
1113 2059 1155 2107 est
1172 2054 1254 2120 idque
1272 2070 1348 2105 raro:
1374 2055 1433 2104 eiu-

286 2144 361 2194 latus
383 2160 418 2194 ne
436 2140 545 2192 mulieri
563 2141 687 2206 quidem:
711 2147 739 2192 et
762 2143 807 2193 bie
825 2139 952 2192 nimirum
971 2145 1014 2192 est
1031 2141 1111 2192 fletus
1130 2139 1190 2204 (lep.
1208 2139 1334 2203 lassus,
1353 2145 1381 2188 ut
1397 2155 1434 2189 ece

218 2283 220 2287 ,
287 2232 391 2280 vetustis
408 2227 479 2282 libris
492 2225 530 2291 (Ρ)
549 2227 666 2278 Muretus
688 2229 752 2279 Ver.
766 2229 839 2278 Leei.
859 2227 904 2276 IX
921 2231 954 2277 19
970 2225 1017 2290 al.)
1037 2240 1117 2291 quem
1134 2225 1188 2275 XII
1209 2222 1323 2274 tabulae
1342 2223 1372 2272 in
1389 2223 1435 2273 tu·

287 2314 400 2364 neribus
420 2303 546 2385 adhiberi
562 2315 730 2364 uetuerunt.’
766 2312 856 2364 Gloss.
874 2312 963 2362 Labb.
983 2310 1088 2362 ‘lessus
1111 2311 1235 2375 θρῆνος)
1271 2307 1380 2358 Plinius
1396 2308 1433 2358 H.

288 2397 320 2452 N.
340 2398 380 2447 XI
397 2397 444 2458 58,
465 2398 513 2448 157
536 2395 630 2447 ‘Infra
653 2397 747 2447 oeulos
766 2397 856 2447 malae
880 2396 984 2447 homini
1005 2400 1127 2458 tantum,
1152 2409 1221 2461 quas
1240 2394 1327 2459 prisci
1345 2407 1434 2458 genas

287 2482 428 2532 uocabant
448 2482 503 2532 XII
523 2481 681 2530 tabularum
699 2482 848 2533 interdicto
865 2480 927 2532 radi
945 2497 962 2532 a
980 2480 1091 2531 leminis
1108 2482 1257 2531 uertentes?
1287 2479 1387 2528 Festus
1406 2493 1433 2542 p.

289 2570 339 2618 273
350 2567 388 2617 Μ.
408 2565 529 2616 ‘Radere
548 2564 647 2630 g(euas
659 2567 777 2619 uetitum
791 2566 884 2628 estin)
897 2566 959 2633 lege
972 2566 1035 2625 XII,
1050 2565 1078 2614 id
1091 2568 1134 2614 est
1145 2564 1281 2628 unguibus
1294 2561 1434 2627 (lacerare

290 2649 410 2715 malas).’
432 2653 516 2714 suppl.
536 2649 564 2701 0.
578 2651 725 2702 Muellerus.
751 2653 788 2702 ei.
803 2651 894 2702 Gloss.
911 2651 1000 2702 Paris.
1019 2667 1046 2716 p.
1061 2651 1110 2701 154
1121 2648 1196 2699 Hild.
1217 2648 1328 2699 ‘Genae
1341 2647 1433 2738 malae

289 2751 362 2800 quae
380 2737 409 2784 in
428 2735 502 2785 faeie
521 2739 583 2784 sunt
601 2735 651 2785 sub
671 2735 780 2790 oeulis)
818 2735 929 2787 Seruius
952 2735 988 2786 ad
1006 2736 1074 2786 Aen.
1097 2735 1151 2784 XII
1170 2735 1219 2784 606
1239 2738 1262 2782 ‘.
1283 2769 1316 2786 ..
1341 2736 1435 2783 tamen

290 2819 432 2870 sciendum
454 2823 565 2869 cautum
584 2835 646 2871 esse
664 2820 727 2885 lege
749 2821 803 2872 XII
824 2820 996 2884 tabularum,
1015 2836 1051 2870 ue
1073 2818 1202 2870 mulieres
1222 2821 1368 2883 carperent
1391 2818 1433 2867 fe-

291 2904 369 2968 ciem,
388 2904 432 2954 his
451 2904 544 2955 uerbis
563 2905 703 2956 ‘mulier
721 2905 845 2956 faeiem
863 2921 903 2956 ne
923 2906 1077 2978 carpito)

359 2990 382 3039 5.
403 2986 501 3040 (licere
519 2990 539 3040 1.
558 2991 575 3041 l.
594 2993 628 3042 60
645 2991 758 3042 ‘Cetera
774 2991 841 3042 item
859 2990 989 3041 funebria
1007 2989 1106 3055 quibus
1129 2989 1221 3039 luctus
1244 2990 1363 3052 augetur
1379 2986 1434 3037 XII

291 3073 470 3128 sustulerunt.
506 3075 682 3140 ‘Homini’,
701 3077 804 3141 inquIt,
828 3080 974 3126 ‘mortuo
994 3109 1136 3126 ......
1143 3075 1152 3102 '
1176 3071 1257 3122 eredo
1282 3071 1435 3136 quoderat

290 3159 508 3222 factitatum,·ut
525 3160 573 3209 uni
587 3160 668 3226 plura
680 3161 778 3212 fierent
794 3146 916 3224 lectique
935 3159 1029 3225 plures
1041 3161 1243 3208 sternerentur:
1262 3155 1289 3205 id
1309 3155 1380 3219 quod
1398 3171 1434 3206 ne

290 3243 369 3294 fieret
390 3245 453 3309 lege
476 3248 603 3294 sanetum
627 3250 689 3299 est)
730 3244 828 3295 ‘eredo
846 3272 879 3280 —
897 3247 1023 3295 sanetum
1047 3245 1105 3293 est’
1124 3257 1189 3308 quae
1207 3243 1233 3292 ia
1256 3241 1327 3291 libris
1346 3243 1435 3291 editio-

291 3329 488 3394 nibusqeepost
507 3329 674 3394 ‘impositam
692 3330 779 3381 iubet’
799 3327 832 3394 (f.
846 3325 872 3395 7)
891 3332 1008 3394 leputatur
1024 3329 1174 3392 transposui
1190 3343 1243 3378 eum
1261 3326 1435 3377 Sebaemaano

293 3412 386 3478 Optare.
404 3413 456 3463 III
475 3417 527 3464 386
543 3431 582 3480 sq.
1212 3395 1213 3398 Ἴ

360 3499 385 3548 6.
406 3498 442 3547 ef.
460 3498 565 3550 Numae
583 3499 629 3552 lex
648 3499 720 3565 apud
738 3500 859 3550 Plinium
878 3499 942 3549 XIV
961 3501 1007 3563 12,
1026 3499 1060 3548 88
1078 3498 1175 3547 ‘uino
1193 3512 1305 3562 rogum
1323 3511 1363 3546 ne
1382 3511 1434 3546 re·

292 3583 467 3648 spargit0.’
500 3584 601 3636 Festus
619 3601 646 3650 p.
658 3586 708 3634 262
720 3587 757 3636 Μ.
777 3581 851 3648 (coil.
870 3581 1035 3646 Pauliana.)
1054 3582 1232 3647 ‘Resparsum
1249 3581 1344 3630 uinum
1363 3579 1436 3646 apud

293 3667 422 3733 antiquos
440 3669 582 3734 signifieat
599 3672 694 3720 uiuum
712 3685 778 3735 rogo
796 3671 960 3734 Inspersum,
980 3667 1051 3734 quod
1069 3669 1098 3717 in
1117 3667 1204 3718 saeris
1223 3665 1437 3717 nouendialibus

380 3825 409 3883 4.
425 3827 553 3884 mulieres
568 3844 653 3900 genes
669 3827 696 3882 B
712 3830 727 3890 6
745 3831 784 3883 61
800 3843 880 3882 eenas
897 3826 930 3882 Ji
942 3828 957 3889 6
974 3829 1011 3882 59
1025 3824 1065 3896 ef.
1089 3825 1234 3880 Vahlenus
1249 3825 1266 3880 l.
1284 3825 1303 3879 l.
1316 3841 1347 3896 p.
1365 3827 1383 3878 3

293 3911 458 3968 neiradunio
475 3912 507 3967 H
519 3913 555 3970 ib.
572 3929 607 3968 ne
622 3913 721 3968 raduni
737 3927 806 3985 oney
823 3909 923 3988 (honey
939 3903 989 3985 13¹)
1006 3903 1046 3966 B¹
1064 3910 1097 3966 Ji
1109 3911 1124 3972 §
1142 3913 1191 3966 64.
1241 3925 1311 3964 neue
1326 3909 1355 3964 b.
1372 3909 1390 3964 l.
1407 3912 1437 3964 in
1538 3887 1545 3904 ’

293 3997 396 4052 ranst
468 3997 566 4053 mulier
582 3998 676 4053 laniem
692 4013 725 4052 ue
741 3998 845 4070 carpito
862 3995 988 4052 Serviat.
1062 3995 1173 4050 ssessum
1192 3987 1368 4056 8111664.
1399 3991 1436 4047 In

296 4082 379 4138 Tuae.
399 4083 417 4138 l.
434 4081 515 4138 [letus
538 4083 740 4154 interpolatum
757 4098 814 4152 pro
834 4081 935 4137 lessus.
957 4078 997 4152 el.
1022 4079 1113 4137 Gloss.
1130 4079 1270 4150 Parisp.
1288 4077 1436 4134 19411011.

293 4167 359 4224 letio
377 4166 557 4224 lamentabile.
588 4166 733 4240 Berplcius
753 4170 783 4224 iu
804 4167 887 4222 Diae.
909 4166 1090 4236 aestimaturi.
1107 4168 1183 4220 1851
1201 4181 1233 4236 p.
1251 4167 1315 4219 221.
1388 4163 1435 4218 ha-

294 4251 450 4308 bemani
470 4251 951 4314 babenteoBliabente0H§59.
979 4246 985 4256 “
1038 4249 1072 4306 5.·
1090 4247 1436 4322 quosAH‚sediaAs

292 4342 440 4410 punctura.
500 4331 673 4418 positurus]
690 4338 829 4412 pessimus
843 4336 876 4392 H
879 4328 889 4368 1
906 4339 936 4392 in
952 4351 1008 4409 my.
1023 4350 1101 4391 corr.
1118 4351 1154 4392 m.
1172 4338 1198 4390 2.
