3282 4992
287 366 334 442 ᾳ
718 337 916 388 rainelmo
1340 343 1390 392 vn

248 496 528 579 promulgationem
556 497 728 558 tabularum
756 518 922 560 aenearum
944 501 1042 580 ipsam
1065 522 1187 581 quoque
1210 503 1390 562 decemviris

250 621 279 660 a.
297 602 358 661 304
381 599 575 660 tribuendam
591 601 729 674 inclinat,
755 603 865 662 nimius
889 610 935 661 est
958 602 990 660 in
1006 602 1087 661 Livii
1105 612 1135 660 et
1151 604 1283 666 Diodori
1304 607 1390 664 testi-

140 781 143 788 .
246 703 358 762 moniis
382 695 595 763 discemendis
620 713 650 762 et
673 703 713 762 ad
736 712 820 763 certa
844 701 972 763 consilia
994 703 1186 764 revocandis.
1343 767 1344 770 ,

207 805 210 809 ’
330 825 361 884 p.
379 805 417 863 15
434 813 498 863 not.
516 813 591 866 extr.
627 804 945 865 addeMommsenum
967 806 999 864 in
1015 805 1131 866 Annal.
1147 809 1220 867 inst.
1236 808 1389 868 archaeol.

216 899 221 909 ¹
247 907 328 966 1858
344 927 376 984 p.
393 909 452 964 197
469 921 501 966 n.
519 909 535 963 1
560 907 615 986 qui
635 905 750 968 nodum
765 905 899 966 dissecat
914 907 1086 985 Pomponio
1104 928 1227 988 quoque
1250 911 1389 969 ‘aereas’

143 1021 146 1024 ’
246 1028 301 1087 pro
325 1007 480 1068 ‘eboreis'
503 1007 623 1068 tabulas
646 1007 796 1068 tribuens.

330 1131 361 1190 p.
387 1111 426 1169 16
454 1130 485 1168 1.
516 1113 548 1183 1,
580 1112 598 1168 3
626 1109 769 1169 Eandem
798 1095 976 1189 opinionem
1004 1111 1213 1172 Mommsenus
1244 1113 1389 1192 amplecti
1458 1164 1461 1174 .

242 1209 366 1270 videtur
387 1211 406 1270 l.
430 1211 452 1270 l.
475 1233 506 1290 p.
531 1213 591 1270 194
614 1231 645 1269 1.
668 1214 697 1272 3.
993 1199 998 1207 ⁸
1321 1223 1323 1227 ’

260 1319 263 1321 ’
328 1334 360 1391 p.
385 1315 423 1372 18
447 1322 511 1372 not.
556 1315 605 1372 De
625 1313 733 1373 Leone
756 1313 954 1398 Narbonensi
975 1313 1151 1394 scrupulum
1173 1325 1288 1378 temere
1310 1320 1388 1378 inie-

244 1423 324 1474 ctum
353 1416 521 1475 accuratior
549 1415 754 1475 consideratio
784 1417 909 1476 exemit:
941 1435 1007 1474 cum
1030 1417 1150 1476 Sidonii
1181 1418 1219 1478 de
1241 1420 1388 1479 Narbone

244 1535 365 1576 carmen
393 1517 524 1577 intera.
547 1518 625 1590 462,
665 1537 724 1596 quo
756 1517 828 1578 urbs
856 1537 875 1576 a
903 1517 1013 1578 Gothis
1044 1529 1135 1597 capta
1170 1528 1229 1594 est,
1268 1531 1299 1581 et
1326 1523 1388 1582 466

240 1618 437 1678 'Theoderico
468 1621 634 1679 etiamnum
662 1629 813 1696 regnante
836 1619 992 1679 conditum
1022 1639 1089 1680 esse
1120 1640 1158 1680 ex
1180 1641 1231 1680 vv.
1256 1625 1294 1682 68
1317 1643 1388 1704 sqq.

244 1721 442 1799 conspicuum
470 1708 533 1779 sit.
563 1719 710 1780 Narbone
737 1721 832 1800 igitur
858 1721 923 1780 Leo
947 1721 1092 1782 Tolosam
1119 1731 1245 1782 vocatus
1274 1734 1321 1784 est
1348 1728 1388 1786 ad

243 1821 411 1882 consiliarii
426 1841 538 1882 munus
554 1822 790 1902 capessendum:
816 1821 854 1881 de
872 1826 933 1902 quo
949 1825 1014 1883 viro
1032 1825 1113 1883 omni
1129 1827 1279 1884 scientiae
1295 1827 1388 1887 laude

244 1923 326 1982 inter
347 1923 494 2002 aequales
517 1925 634 2002 insigni
655 1933 779 2004 praeter
802 1924 958 1984 Sirmondi
980 1935 1069 1985 notas
1092 1925 1132 1984 ad
1155 1925 1264 1986 Sidon.
1292 1949 1323 2008 p.
1347 1931 1385 1988 51
1412 1917 1419 1954 Ὗ

135 2015 139 2023 ’
197 2069 201 2074 -
243 2033 274 2084 61
297 2027 335 2083 81
355 2025 571 2086 ι1466111166111116
595 2025 805 2085 consulendus
830 2034 876 2085 est
899 2027 981 2087 Hist.
1005 2027 1177 2104 Wisegoth.
1201 2049 1232 2106 p.
1258 2031 1316 2089 158
1340 2051 1386 2110 sq.

326 2149 358 2208 p.
386 2129 432 2188 33Ι
457 2136 534 2187 extr.
572 2136 631 2188 cet.
666 2125 729 2186 vid.
758 2127 880 2187 Keilius
914 2129 981 2207 ipse
1019 2129 1116 2206 praef.
1141 2129 1186 2188 ad
1216 2129 1387 2191 charisium

210 2255 213 2261 ·
241 2249 272 2307 p.
296 2229 426 2290 XXVII
444 2237 512 2289 1161.
983 2288 985 2292 ,
1409 2225 1412 2230 ’

326 2352 356 2410 p.
374 2333 423 2404 50,
441 2333 491 2390 28.
522 2331 601 2414 Non
612 2331 731 2390 dubitat
754 2330 792 2390 de
809 2329 978 2391 Servianae
999 2332 1077 2408 legis
1093 2332 1154 2391 fide
1169 2333 1386 2408 Mommsenus‚

242 2433 294 2511 qui
317 2432 390 2493 dum
412 2432 577 2493 clientelae
599 2433 735 2492 rationes
765 2434 891 2492 rimatur
920 2433 1047 2512 Quaest.
1071 2455 1144 2494 rom.
1168 2455 1198 2514 p.
1222 2437 1385 2518 35561111,

242 2554 279 2594 ea
305 2533 373 2613 lege
388 2536 525 2604 ¹affirmat
546 2534 735 2618 praesidium
764 2518 869 2594 clienti
893 2536 976 2614 quod
1000 2555 1038 2596 ex
1065 2537 1132 2595 iure
1156 2539 1239 2596 civili
1269 2540 1387 2597 nullum

200 2647 202 2651 ’
227 2637 769 2716 Ι6111111611611161161111111111111111,
799 2636 957 2714 publicum
979 2646 1118 2716 paratum
1141 2639 1236 2700 fuisse
1264 2641 1322 2714 ita,
1352 2651 1386 2700 ut

240 2746 389 2817 patronus
411 2746 567 2818 tamquam
590 2737 776 2817 proditionis
792 2747 899 2798 contra
921 2741 1021 2819 ipsum
1043 2739 1191 2818 populum
1209 2743 1385 2802 commissae

241 2859 344 2920 poena
366 2841 539 2901 afficeretur
558 2839 607 2919 (p.
631 2841 692 2900 384
712 2837 787 2920 sq).
831 2841 936 2900 Nihilo
959 2851 1061 2901 tamen
1091 2843 1187 2919 magis
1212 2844 1295 2922 quod
1319 2864 1386 2904 eam

239 2944 346 3002 statuit
375 2942 490 3003 eisdem
512 2943 615 3002 verbis
646 2963 726 3022 quae
754 2942 847 3002 tradit
876 2942 1003 3003 Servius
1032 2945 1127 3003 auctis
1155 2944 1234 3003 adeo
1255 2946 1385 3006 'addita-

240 3034 343 3105 mento
367 3063 407 3105 ex
427 3045 563 3122 Dionysi
588 3046 656 3102 l..c.
686 3045 856 3124 repetendo
885 3048 979 3103 ‘Diti
1000 3052 1107 3119 patri
1132 3065 1219 3104 socer
1247 3050 1324 3122 esto'
1355 3059 1401 3108 61·

239 3148 273 3205 in
295 3148 389 3224 regiis
411 3145 530 3225 legibus
555 3153 587 3204 et
612 3147 644 3206 in
667 3146 735 3210 XII
763 3145 874 3206 tabulis
903 3149 1106 3226 perscriptam
1135 3149 1286 3224 extitisse,
1316 3172 1384 3229 per-

240 3247 393 3308 suadendi
409 3250 471 3308 vim
493 3247 599 3308 habet:
624 3269 690 3308 cum
713 3251 893 3327 praesertim
915 3251 1017 3328 ipsum
1039 3250 1123 3308 baud
1145 3249 1260 3328 fugerit
1282 3253 1315 3311 in
1337 3252 1383 3312 his

225 3353 329 3434 ¹nimis
352 3351 385 3409 in
408 3353 587 3412 universum
609 3351 775 3430 propositis
798 3359 911 3410 certam
933 3370 1072 3411 normam
1094 3351 1274 3412 desiderari.

326 3473 357 3532 p.
375 3454 413 3512 51
431 3471 463 3512 1.
480 3455 512 3527 3,
539 3456 555 3510 1
579 3453 690 3512 clarius
713 3472 798 3512 suam
813 3454 1019 3514 Mommsenus
1036 3455 1214 3532 opinionem
1225 3457 1382 3534 professus

228 3534 287 3617 'est
309 3555 342 3614 in
365 3555 480 3616 Annal.
502 3535 574 3616 inst.
597 3539 678 3615 arch.
704 3558 784 3616 1858
807 3577 839 3634 p.
865 3557 934 3614 194.
957 3556 999 3614 11).
1022 3577 1053 3615 1.
1077 3560 1106 3616 1.
1174 3593 1179 3602 «

324 3679 355 3738 p.
380 3659 438 3732 64,
454 3659 481 3716 3.
525 3657 586 3717 Pro
610 3660 709 3737 ‘quae
732 3658 827 3720 fuerit
852 3659 947 3725 ratio'
971 3659 1104 3718 scribere
1126 3660 1267 3720 volebam
1292 3665 1381 3741 ‘qua-

239 3761 299 3821 lem
327 3761 424 3820 fuisse
451 3761 601 3824 rationem
628 3769 750 3820 veteres
779 3761 840 3839 ipsi
876 3761 1041 3839 putarint’.
1091 3763 1202 3841 Neque
1232 3765 1313 3824 enim
1343 3766 1382 3824 de

239 3884 322 3923 anno
354 3861 564 3936 decemvirali,
595 3862 627 3922 id
659 3872 706 3922 est
731 3871 852 3922 vetusto
882 3861 1000 3922 Numae
1030 3884 1112 3924 anno
1141 3865 1181 3923 ad
1209 3867 1382 3946 exemplum

180 3975 186 3982 '
238 3951 335 4026 Attici
357 3973 425 4026 octo
448 3963 599 4028 annorum
621 3965 700 4045 cycli
728 3965 893 4025 reformato
915 3997 958 4006 —-
980 3967 1037 4024 etsi
1053 3966 1111 4043 ⁸via
1136 3967 1279 4028 instituta
1305 3989 1381 4048 quo·

238 4067 338 4127 minus
366 4075 544 4128 constanter
571 4075 744 4140 teneretur,
780 4059 944 4126 coniuncta
976 4088 1045 4127 cum
1076 4068 1226 4146 religione
1243 4071 1382 4134 *inscitia

239 4169 395 4249 probibuit
419 4203 457 4213 --
481 4189 561 4248 quae
588 4170 764 4229 certissimis
792 4169 908 4229 Ideleri
937 4177 967 4229 et
993 4171 1176 4231 Mommseni
1206 4191 1275 4232 cum
1303 4193 1381 4231 com-

239 4269 447 4350 putationibus
470 4281 533 4331 tum
555 4273 742 4332 coniecturis
766 4273 926 4351 explorata
948 4282 1020 4332 sunt
1044 4271 1198 4350 (Idelerus
1215 4253 1333 4335 (111161.1
1348 4275 1382 4353 H

239 4393 270 4460 p.
294 4365 415 4456 611611.
446 4376 653 4440 Mommsenus
685 4377 801 4458 011161.
828 4397 903 4438 rom.
938 4398 969 4461 p.
999 4373 1174 4455 28-40),
1215 4379 1257 4440 eis
1290 4375 1382 4446 fidem
