3282 4992
304 261 320 282 ”
385 351 386 356 ¹
439 293 487 342 on
509 291 694 344 nvonsclu
717 283 1169 374 rssvnaavnuu'snosrs...
1231 304 1275 374 s
1337 278 1392 374 9,,

208 471 284 533 gem
305 449 414 535 ipsam
433 448 518 513 bene
538 457 666 529 nosset,
687 456 842 535 capturus
864 448 953 516 haud
970 447 1088 536 ¹fuerit.
1098 449 1122 536 ¹)
1152 447 1282 514 Pariter
1301 449 1357 538 qui

207 551 405 616 rhetoricam
426 549 470 615 ad
490 549 695 615 Herennium
721 551 853 637 scripsit
879 573 922 616 ex
946 549 1018 636 lege
1043 549 1186 637 plurima
1205 550 1357 640 exempla
1445 569 1447 574 ’

208 653 327 719 hausit.
359 651 482 717 Verum
498 654 593 718 circa·
606 649 730 719 liberae
750 651 950 739 reipublicae
972 653 1098 718 exitum
1119 675 1193 718 oum
1213 653 1356 739 partium

170 825 178 844 ‚
209 756 318 822 studio
334 765 367 820 et
380 756 480 820 armis
497 755 619 820 civium
635 749 732 821 verus
747 757 875 842 patriae
891 777 983 822 amor
1003 755 1073 821 fere
1088 758 1253 822 extinctus
1269 765 1358 823 esset

209 857 371 945 simulque
386 857 592 924 Graecanica
609 857 772 943 elegantia
787 859 891 922 omnis
914 857 1003 924 vitae
1025 873 1094 923 mos
1115 858 1288 944 cultusque
1308 860 1357 922 in·

209 959 450 1042 ficeretur,an
471 983 601 1046 quoque
615 959 697 1045 legis
719 959 807 1046 apud
829 960 987 1046 populum
1007 960 1165 1026 memoria
1185 962 1357 1027 consenuit

209 1072 243 1128 et
255 1061 416 1148 paulatim
431 1061 579 1127 evanuit:
597 1063 709 1149 itaque
725 1062 840 1127 Oioero
854 1063 890 1126 in
905 1061 999 1128 libris
1016 1061 1057 1127 de
1073 1061 1201 1148 legibus
1217 1098 1260 1112 -
1274 1085 1355 1150 quos
1376 1143 1381 1156 x

148 1175 166 1234 j
209 1186 296 1230 nune
309 1165 390 1230 satis
406 1172 537 1230 constat
552 1187 637 1230 anno
651 1162 789 1230 100011
805 1187 831 1228 s.
843 1161 1002 1230 IOOOIII
1017 1165 1218 1251 conscriptos
1233 1187 1304 1230 esse
1315 1202 1356 1216 -

209 1266 281 1332 XII
295 1267 363 1331 iarn
378 1287 398 1330 a
413 1266 542 1331 nemine
558 1265 641 1332 disci
657 1266 805 1354 queritur
815 1264 851 1328 II
862 1266 915 1348 23,
927 1265 1019 1352 59²);
1035 1288 1097 1334 nec
1109 1266 1175 1332 alia
1185 1289 1228 1332 ex
1238 1288 1358 1332 caussa

207 1368 295 1434 idem
311 1367 427 1435 eodem
441 1367 511 1433 loco
527 1367 691 1456 putandus
707 1379 757 1434 est
771 1377 840 1434 tam
850 1368 982 1455 copiose
994 1369 1034 1434 de
1049 1368 1255 1436 funeralibus
1270 1369 1355 1454 legis

208 1471 368 1536 institutis
385 1471 557 1536 disserere.

193 1655 194 1662 ἵ
290 1573 364 1638 Iam
384 1596 462 1640 vero
484 1595 568 1662 quae
588 1582 655 1638 tam
670 1573 856 1659 perniciosa
874 1573 986 1639 extitit
1007 1573 1074 1659 legi
1090 1573 1238 1644 Graecae
1259 1572 1357 1638 disci-

207 1677 318 1764 plinae
333 1677 528 1758 auctoritas,
550 1675 666 1741 eadem
687 1675 795 1742 altera-
811 1698 854 1740 ex
871 1686 966 1762 parte
986 1697 1145 1742 summam
1165 1677 1196 1739 ei
1217 1674 1357 1740 salutem

146 1807 150 1814 ·
207 1778 330 1844 attulit.
359 1778 509 1865 Namque
536 1800 600 1866 quo
623 1778 727 1863 magis
749 1800 792 1842 ex
812 1800 874 1844 usu
894 1778 1018 1844 forensi
1039 1797 1077 1844 ac
1098 1776 1250 1865 populari
1266 1787 1356 1842 tam·

207 1903 306 1968 quam
327 1880 470 1947 emeritis
492 1879 668 1966 stipendiis
690 1890 904 1946 exauctorata
925 1881 1079 1962 cedebat,
1101 1902 1139 1946 eo
1161 1881 1312 1967 cupidius
1337 1903 1357 1945 a

207 1984 483 2068 grammaticis
512 1981 660 2048 studiis
688 1981 827 2050 vixdum
848 1982 959 2049 sedem
980 1984 1087 2050 nactis
1108 1992 1269 2069 occupata
1295 1992 1355 2047 est.

207 2085 277 2152 Nec
291 2084 400 2151 hercle
416 2085 590 2172 quisquam
606 2084 786 2166 dubitabit,
809 2086 889 2172 quin
910 2085 1142 2171 grammaticos
1157 2085 1306 2151 homines
1323 2094 1356 2151 et

188 2187 389 2269 ‚litteratos,
405 2188 462 2274 qui
482 2187 543 2253 toti
565 2175 676 2270 essent
696 2187 731 2250 in
751 2186 885 2272 linguae
908 2197 942 2252 et
959 2187 1118 2252 historiae
1137 2187 1357 2252 monumentis

209 2289 425 2375 congerendis
446 2287 691 2376 perscrutandis
714 2288 936 2375 explicandis,
962 2289 1127 2373 insignem
1152 2287 1218 2374 legi
1234 2288 1305 2354 XII
1319 2297 1358 2354 ut

199 2393 438 2479 antiquissimo
453 2391 676 2456 Romanorum
690 2390 774 2456 libro
790 2412 924 2477 operam
939 2413 1061 2455 navare
1076 2411 1137 2476 par
1151 2390 1261 2456 fuerit.
1286 2389 1357 2456 Iam
1372 2441 1375 2449 ,

207 2494 265 2580 qui
284 2494 438 2580 princeps
458 2493 746 2580 grammaticorum
762 2493 796 2556 in
810 2494 919 2559 fronte
934 2493 1042 2579 operis
1059 2491 1250 2559 Suetoniani
1265 2494 1357 2579 poni·
1455 2571 1457 2575 ,

177 2674 181 2680 ⁵
206 2607 278 2678 tur,
306 2597 398 2660 euius
424 2595 534 2681 ipsum
557 2617 677 2660 nornen
699 2594 775 2659 huic
796 2597 856 2678 toti
877 2594 1062 2660 studiorum
1084 2595 1196 2679 generi
1218 2595 1357 2660 affixum

205 2708 259 2764 est
266 2698 311 2784 ³),
338 2697 378 2763 L.
394 2695 510 2762 Aelius
532 2697 615 2764 Stilo
631 2696 853 2761 Praeconinus
869 2707 909 2761 ut
921 2696 1294 2763 carminumdaliarium
1310 2697 1358 2762 ita
1455 2714 1457 2720 '

208 2799 281 2865 XII
296 2798 484 2866 tabularum
505 2799 770 2886 explanationem
791 2799 994 2887 conseripsit.
1034 2799 1141 2882 Quem
1162 2808 1292 2866 secutus
1308 2808 1358 2866 est

277 3075 361 3142 1),οῐ.
388 3076 465 3128 locos
489 3076 524 3127 ad
547 3077 706 3142 fragmenta
730 3076 832 3126 citatos
854 3073 950 3125 Plauti
972 3075 1005 3125 II
1022 3075 1178 3132 Is'l'erenti
1199 3076 1242 3126 III
1265 3079 1281 3126 3
1303 3077 1358 3125 En·

205 3163 246 3213 nii
269 3162 337 3214 VIII
356 3164 385 3211 11
406 3177 446 3227 sq.
464 3160 569 3212 Lucilii
586 3161 599 3210 I
619 3163 641 3220 1,
660 3163 676 3210 2
693 3160 804 3210 Afranii
821 3159 835 3208 I
853 3161 868 3210 t
886 3158 1018 3209 Varronis
1036 3160 1049 3209 1
1067 3163 1091 3211 3.
1116 3160 1229 3221 Quibus
1248 3160 1359 3210 accedit

192 3247 328 3298 -Catonis
347 3264 380 3299 ex
398 3247 470 3298 libro
487 3245 526 3297 IV
544 3246 687 3312 Originum
700 3260 723 3295 a
735 3245 880 3296 Prisciano
899 3245 912 3294 1
930 3261 956 3310 p.
969 3245 1020 3295 254
1031 3245 1067 3296 Η.
1086 3243 1224 3309 allegatus
1243 3247 1282 3294 ‘si
1298 3247 1357 3310 ‚quis
1402 3265 1404 3272 ·

207 3333 340 3385 membrum
355 3334 434 3404 ¹rapit
456 3339 500 3382 aot
522 3348 551 3383 os
572 3332 665 3397 saepit,
691 3333 784 3382 talione
804 3331 939 3396 promimus
962 3336 1085 3394 coponius
1106 3331 1262 3380 ulciscitur':
1286 3329 1358 3395 quod

207 3422 260 3471 etsi
277 3413 368 3484 neque
387 3418 422 3468 ad
440 3418 495 3470 XII
513 3432 604 3484 neque
624 3417 659 3468 ad
678 3419 721 3469 ius
739 3417 794 3467 XII
813 3415 954 3480 cottonius
974 3430 1034 3464 cum
1048 3415 1217 3490 Mommseno
1234 3414 1357 3466 referes·
1385 3437 1389 3445 f

179 3525 181 3530 ·
206 3505 270 3556 dum
290 3521 354 3556 esse
370 3504 418 3555 sed
437 3503 473 3554 ad
492 3503 624 3554 talionem
642 3503 744 3554 Poenis
762 3503 897 3552 usitatam
915 3500 1101 3553 revocandum
1120 3515 1181 3552 cum
1199 3502 1358 3568 Wagenero

207 3596 235 3642 et
250 3589 369 3643 Iordano
389 3589 471 3640 docet
490 3594 518 3642 et
536 3590 680 3654 inscriptio
699 3587 772 3640 1.1v
791 3592 820 3638 et
836 3603 971 3653 praesens
988 3589 1149 3638 ‘uldsdtffl
1168 3592 1197 3637 et
1214 3588 1276 3652 ipsa
1293 3603 1359 3653 poe-

208 3691 306 3726 narum
329 3673 491 3738 diversitas,
517 3679 611 3726 tamen
634 3673 669 3724 ad
696 3675 813 3726 formam
841 3673 912 3740 legis
936 3675 1032 3739 aperte
1058 3672 1293 3740 accommodatum
1315 3676 1358 3724 est

207 3759 288 3824 (vin
306 3763 330 3822 a,
350 3760 387 3826 a.
443 3782 448 3792 x

273 3843 296 3912 ¹)
314 3844 418 3897 Eadem
438 3851 481 3897 est
495 3845 639 3897 Ciceronis
657 3846 691 3898 de
708 3845 768 3896 iure
786 3843 929 3912 pontificio
947 3843 1056 3909 questio
1074 3843 1108 3896 de
1126 3859 1165 3897 or.
1184 3843 1227 3894 111
1245 3846 1288 3909 33,
1309 3845 1357 3896 136
1383 3835 1385 3840 ’
1442 3870 1445 3877 «

206 3935 281 3982 ‘uam
295 3933 452 3996 pontificium
469 3934 538 3999 quod
555 3939 594 3983 eat
610 3935 767 3984 coniunctum
784 3947 855 3982 nemo
873 3931 969 3985 direti)

275 4014 295 4080 8)
316 4015 415 4068 Cicero
439 4017 472 4068 de
498 4033 536 4071 or.
560 4019 574 4068 I
596 4019 644 4076 43,
666 4020 723 4070 193.
752 4018 816 4068 Nam
839 4017 891 4068 siue
913 4031 985 4084 quem
1007 4017 1071 4066 tace
1089 4015 1227 4067 Aeliana
1249 4015 1359 4064 studia

101 4117 105 4124 ·
206 4102 346 4161 delectant,
363 4103 474 4167 plurimu
498 4110 537 4153 est
554 4105 580 4152 ia
598 4105 665 4153 omni
686 4105 742 4154 iare
760 4105 828 4154 civili
849 4111 877 4172 ut
898 4104 925 4154 in
942 4105 1088 4167 pontificum
1107 4098 1178 4150 libris
1202 4106 1228 4149 et
1252 4102 1279 4150 in
1296 4100 1357 4150 XII
1433 4087 1435 4097 ¹

207 4185 297 4239 ratas
314 4189 474 4254 antiquitatis
492 4189 602 4252 effipiam
626 4190 695 4254 qaod
711 4195 738 4238 et
759 4187 891 4240 verborum
912 4189 1132 4253 praecocuntur
1150 4187 1313 4250 capnoscitur
1333 4193 1358 4236 et

204 4273 329 4322 satanan
350 4289 448 4338 ponera
469 4275 594 4340 quaedam
615 4275 736 4325 maurum
758 4277 963 4328 assuetudinem
987 4276 1112 4338 uitamque
1136 4271 1279 4322 declarant.
1319 4270 1355 4324 cf.

149 4355 152 4365 “
206 4357 292 4408 Acad.
311 4363 382 4424 post.
400 4359 414 4410 1
433 4361 457 4421 2,
476 4360 501 4410 8.
