<?xml version="1.0" encoding="UTF-8"?>
<!DOCTYPE html PUBLIC "-//W3C//DTD XHTML 1.0 Transitional//EN"
    "http://www.w3.org/TR/xhtml1/DTD/xhtml1-transitional.dtd">
<html xmlns="http://www.w3.org/1999/xhtml" xml:lang="en" lang="en">
 <head>
  <title>
</title>
<meta http-equiv="Content-Type" content="text/html;charset=utf-8" />
  <meta name='ocr-system' content='tesseract 3.04.00' />
  <meta name='ocr-capabilities' content='ocr_page ocr_carea ocr_par ocr_line ocrx_word'/>
</head>
<body>
  <div class='ocr_page' id='page_1' title='image "./legisdvodecimta02schgoog/legisdvodecimta02schgoog_0083.png"; bbox 0 0 3282 4992; ppageno 0'>
   <div class='ocr_carea' id='block_1_1' title="bbox 300 277 1255 348">
    <p class='ocr_par' dir='ltr' id='par_1_1' title="bbox 300 277 1255 348">
     <span class='ocr_line' id='line_1_1' title="bbox 300 277 1255 348; baseline 0.003 -2"><span class='ocrx_word' id='word_1_1' title='bbox 300 277 342 348; x_wconf 82' lang='lat'>66</span> <span class='ocrx_word' id='word_1_2' title='bbox 722 295 834 348; x_wconf 78' lang='lat' dir='ltr'>carvr</span> <span class='ocrx_word' id='word_1_3' title='bbox 856 296 1022 348; x_wconf 83' lang='lat' dir='ltr'>rnnrrvu.</span> <span class='ocrx_word' id='word_1_4' title='bbox 1240 280 1255 308; x_wconf 76' lang='lat'><strong>⁹</strong></span> 
     </span>
    </p>
   </div>
   <div class='ocr_carea' id='block_1_2' title="bbox 299 449 1445 1658">
    <p class='ocr_par' dir='ltr' id='par_1_2' title="bbox 299 449 1445 1556">
     <span class='ocr_line' id='line_1_2' title="bbox 300 449 1445 537; baseline 0.002 -21"><span class='ocrx_word' id='word_1_5' title='bbox 300 451 391 518; x_wconf 81' lang='lat' dir='ltr'>Festi</span> <span class='ocrx_word' id='word_1_6' title='bbox 411 449 523 537; x_wconf 79' lang='lat' dir='ltr'>glossa</span> <span class='ocrx_word' id='word_1_7' title='bbox 543 450 587 516; x_wconf 86' lang='lat' dir='ltr'>ad</span> <span class='ocrx_word' id='word_1_8' title='bbox 606 450 711 537; x_wconf 87' lang='lat' dir='ltr'>legem</span> <span class='ocrx_word' id='word_1_9' title='bbox 727 453 745 518; x_wconf 94' lang='grc' dir='ltr'>Ι</span> <span class='ocrx_word' id='word_1_10' title='bbox 760 454 780 518; x_wconf 89' lang='grc'>9</span> <span class='ocrx_word' id='word_1_11' title='bbox 796 457 867 517; x_wconf 77' lang='lat' dir='ltr'>‘Sol</span> <span class='ocrx_word' id='word_1_12' title='bbox 885 474 1009 519; x_wconf 77' lang='lat' dir='ltr'><em>occasus</em></span> <span class='ocrx_word' id='word_1_13' title='bbox 1029 475 1170 535; x_wconf 86' lang='lat' dir='ltr'>suprema</span> <span class='ocrx_word' id='word_1_14' title='bbox 1192 464 1349 534; x_wconf 76' lang='lat' dir='ltr'>tempestas</span> <span class='ocrx_word' id='word_1_15' title='bbox 1369 460 1445 519; x_wconf 77' lang='lat' dir='ltr'>estu’</span> 
     </span>
     <span class='ocr_line' id='line_1_3' title="bbox 302 554 1443 642; baseline 0.004 -26"><span class='ocrx_word' id='word_1_16' title='bbox 302 562 471 640; x_wconf 74' lang='lat' dir='ltr'>spectante</span> <span class='ocrx_word' id='word_1_17' title='bbox 486 562 652 640; x_wconf 86' lang='lat' dir='ltr'>sumptum</span> <span class='ocrx_word' id='word_1_18' title='bbox 668 577 752 620; x_wconf 92' lang='lat' dir='ltr'>esse.</span> <span class='ocrx_word' id='word_1_19' title='bbox 781 554 1015 642; x_wconf 85' lang='lat' dir='ltr'>Supplemento</span> <span class='ocrx_word' id='word_1_20' title='bbox 1032 564 1141 622; x_wconf 89' lang='lat' dir='ltr'>autem</span> <span class='ocrx_word' id='word_1_21' title='bbox 1156 555 1244 642; x_wconf 90' lang='lat' dir='ltr'>quod</span> <span class='ocrx_word' id='word_1_22' title='bbox 1260 555 1409 621; x_wconf 84' lang='lat' dir='ltr'>dedimus</span> <span class='ocrx_word' id='word_1_23' title='bbox 1419 557 1443 642; x_wconf 87' lang='lat'>¹)</span> 
     </span>
     <span class='ocr_line' id='line_1_4' title="bbox 300 653 1444 744; baseline 0.003 -26"><span class='ocrx_word' id='word_1_24' title='bbox 300 676 366 722; x_wconf 90' lang='lat' dir='ltr'>non</span> <span class='ocrx_word' id='word_1_25' title='bbox 385 653 458 722; x_wconf 90' lang='lat' dir='ltr'>leve</span> <span class='ocrx_word' id='word_1_26' title='bbox 479 654 664 722; x_wconf 80' lang='lat' dir='ltr'>subsidium</span> <span class='ocrx_word' id='word_1_27' title='bbox 685 655 813 721; x_wconf 87' lang='lat' dir='ltr'>accedit</span> <span class='ocrx_word' id='word_1_28' title='bbox 833 655 904 722; x_wconf 86' lang='lat' dir='ltr'>Ser.</span> <span class='ocrx_word' id='word_1_29' title='bbox 928 656 1065 744; x_wconf 84' lang='lat' dir='ltr'>Sulpicii</span> <span class='ocrx_word' id='word_1_30' title='bbox 1085 658 1264 722; x_wconf 82' lang='lat' dir='ltr'>auctoritas</span> <span class='ocrx_word' id='word_1_31' title='bbox 1286 679 1369 743; x_wconf 86' lang='lat' dir='ltr'>quae</span> <span class='ocrx_word' id='word_1_32' title='bbox 1390 679 1444 722; x_wconf 85' lang='lat' dir='ltr'>ex·</span> 
     </span>
     <span class='ocr_line' id='line_1_5' title="bbox 301 745 1445 845; baseline 0.003 -27"><span class='ocrx_word' id='word_1_33' title='bbox 301 765 397 843; x_wconf 88' lang='lat' dir='ltr'>cepto</span> <span class='ocrx_word' id='word_1_34' title='bbox 417 779 483 822; x_wconf 89' lang='lat' dir='ltr'>uno</span> <span class='ocrx_word' id='word_1_35' title='bbox 503 756 575 832; x_wconf 87' lang='lat' dir='ltr'>loco</span> <span class='ocrx_word' id='word_1_36' title='bbox 596 781 628 844; x_wconf 91' lang='lat' dir='ltr'>p.</span> <span class='ocrx_word' id='word_1_37' title='bbox 644 757 707 823; x_wconf 90' lang='grc'>233</span> <span class='ocrx_word' id='word_1_38' title='bbox 723 781 756 822; x_wconf 85' lang='lat' dir='ltr'>v.</span> <span class='ocrx_word' id='word_1_39' title='bbox 777 745 936 845; x_wconf 83' lang='lat' dir='ltr'>posticam</span> <span class='ocrx_word' id='word_1_40' title='bbox 956 797 999 808; x_wconf 90' lang='grc'>-</span> <span class='ocrx_word' id='word_1_41' title='bbox 1018 780 1095 823; x_wconf 83' lang='lat' dir='ltr'>nam</span> <span class='ocrx_word' id='word_1_42' title='bbox 1116 759 1157 824; x_wconf 88' lang='lat' dir='ltr'>do</span> <span class='ocrx_word' id='word_1_43' title='bbox 1181 781 1213 844; x_wconf 89' lang='lat' dir='ltr'>p.</span> <span class='ocrx_word' id='word_1_44' title='bbox 1232 759 1292 822; x_wconf 77' lang='grc'>182</span> <span class='ocrx_word' id='word_1_45' title='bbox 1307 783 1340 824; x_wconf 88' lang='lat' dir='ltr'>v.</span> <span class='ocrx_word' id='word_1_46' title='bbox 1364 758 1445 823; x_wconf 86' lang='lat' dir='ltr'>orba</span> 
     </span>
     <span class='ocr_line' id='line_1_6' title="bbox 300 857 1444 948; baseline -0.001 -24"><span class='ocrx_word' id='word_1_47' title='bbox 300 880 418 945; x_wconf 87' lang='lat' dir='ltr'>parum</span> <span class='ocrx_word' id='word_1_48' title='bbox 439 867 569 926; x_wconf 85' lang='lat' dir='ltr'>constat</span> <span class='ocrx_word' id='word_1_49' title='bbox 589 895 633 906; x_wconf 91' lang='grc'>-</span> <span class='ocrx_word' id='word_1_50' title='bbox 653 881 717 924; x_wconf 92' lang='lat' dir='ltr'>non</span> <span class='ocrx_word' id='word_1_51' title='bbox 740 857 824 927; x_wconf 90' lang='lat' dir='ltr'>solet</span> <span class='ocrx_word' id='word_1_52' title='bbox 843 860 932 946; x_wconf 85' lang='lat' dir='ltr'>apud</span> <span class='ocrx_word' id='word_1_53' title='bbox 947 861 1082 927; x_wconf 80' lang='lat' dir='ltr'><strong>Festum</strong></span> <span class='ocrx_word' id='word_1_54' title='bbox 1103 861 1223 948; x_wconf 89' lang='lat' dir='ltr'>apponi</span> <span class='ocrx_word' id='word_1_55' title='bbox 1244 859 1307 924; x_wconf 91' lang='lat' dir='ltr'>nisi</span> <span class='ocrx_word' id='word_1_56' title='bbox 1327 859 1444 944; x_wconf 78' lang='lat' dir='ltr'>glossis</span> 
     </span>
     <span class='ocr_line' id='line_1_7' title="bbox 301 958 1445 1048; baseline 0 -24"><span class='ocrx_word' id='word_1_57' title='bbox 301 983 344 1025; x_wconf 88' lang='lat' dir='ltr'>ex</span> <span class='ocrx_word' id='word_1_58' title='bbox 359 959 430 1026; x_wconf 91' lang='lat' dir='ltr'>XII</span> <span class='ocrx_word' id='word_1_59' title='bbox 445 958 568 1048; x_wconf 87' lang='lat' dir='ltr'>petitis.</span> <span class='ocrx_word' id='word_1_60' title='bbox 595 959 638 1026; x_wconf 84' lang='lat' dir='ltr'>cf.</span> <span class='ocrx_word' id='word_1_61' title='bbox 655 983 687 1046; x_wconf 90' lang='lat' dir='ltr'>p.</span> <span class='ocrx_word' id='word_1_62' title='bbox 703 961 777 1026; x_wconf 82' lang='lat'>210.</span> <span class='ocrx_word' id='word_1_63' title='bbox 794 962 867 1026; x_wconf 81' lang='lat'>321.</span> <span class='ocrx_word' id='word_1_64' title='bbox 883 961 957 1027; x_wconf 92' lang='grc'>322.</span> <span class='ocrx_word' id='word_1_65' title='bbox 973 963 1046 1028; x_wconf 80' lang='lat'>376.</span> <span class='ocrx_word' id='word_1_66' title='bbox 1076 961 1131 1026; x_wconf 85' lang='lat' dir='ltr'>Ex</span> <span class='ocrx_word' id='word_1_67' title='bbox 1150 960 1244 1027; x_wconf 87' lang='lat' dir='ltr'>illius</span> <span class='ocrx_word' id='word_1_68' title='bbox 1258 962 1360 1046; x_wconf 86' lang='lat' dir='ltr'>igitur</span> <span class='ocrx_word' id='word_1_69' title='bbox 1375 961 1445 1024; x_wconf 96' lang='lat' dir='ltr'>XlI</span> 
     </span>
     <span class='ocr_line' id='line_1_8' title="bbox 300 1061 1443 1150; baseline 0 -24"><span class='ocrx_word' id='word_1_70' title='bbox 300 1062 570 1150; x_wconf 82' lang='lat' dir='ltr'>interpretatione</span> <span class='ocrx_word' id='word_1_71' title='bbox 586 1072 657 1128; x_wconf 86' lang='lat' dir='ltr'>tota</span> <span class='ocrx_word' id='word_1_72' title='bbox 670 1061 906 1148; x_wconf 82' lang='lat' dir='ltr'>glossofluxit,</span> <span class='ocrx_word' id='word_1_73' title='bbox 922 1063 993 1128; x_wconf 90' lang='lat' dir='ltr'>sine</span> <span class='ocrx_word' id='word_1_74' title='bbox 1008 1063 1109 1129; x_wconf 90' lang='lat' dir='ltr'>dubio</span> <span class='ocrx_word' id='word_1_75' title='bbox 1125 1063 1255 1128; x_wconf 86' lang='lat' dir='ltr'>adeam</span> <span class='ocrx_word' id='word_1_76' title='bbox 1275 1062 1382 1148; x_wconf 84' lang='lat' dir='ltr'>legem</span> <span class='ocrx_word' id='word_1_77' title='bbox 1396 1085 1443 1127; x_wconf 90' lang='lat' dir='ltr'>re-</span> 
     </span>
     <span class='ocr_line' id='line_1_9' title="bbox 299 1163 1444 1254; baseline 0 -26"><span class='ocrx_word' id='word_1_78' title='bbox 299 1163 439 1230; x_wconf 82' lang='lat' dir='ltr'>ferenda</span> <span class='ocrx_word' id='word_1_79' title='bbox 457 1185 522 1254; x_wconf 85' lang='lat' dir='ltr'>qua</span> <span class='ocrx_word' id='word_1_80' title='bbox 543 1169 709 1228; x_wconf 73' lang='lat' dir='ltr'>‘si-seruus</span> <span class='ocrx_word' id='word_1_81' title='bbox 725 1169 843 1241; x_wconf 83' lang='lat' dir='ltr'>furtum</span> <span class='ocrx_word' id='word_1_82' title='bbox 862 1168 950 1241; x_wconf 75' lang='lat' dir='ltr'>suxit</span> <span class='ocrx_word' id='word_1_83' title='bbox 968 1171 1167 1229; x_wconf 79' lang='lat' dir='ltr'>uoaiamue</span> <span class='ocrx_word' id='word_1_84' title='bbox 1187 1171 1302 1228; x_wconf 75' lang='lat' dir='ltr'>uocur&#39;t’</span> <span class='ocrx_word' id='word_1_85' title='bbox 1318 1185 1444 1228; x_wconf 86' lang='lat' dir='ltr'>noxae</span> 
     </span>
     <span class='ocr_line' id='line_1_10' title="bbox 302 1264 1444 1352; baseline 0 -22"><span class='ocrx_word' id='word_1_86' title='bbox 302 1264 395 1330; x_wconf 83' lang='lat' dir='ltr'>dedi</span> <span class='ocrx_word' id='word_1_87' title='bbox 410 1264 542 1332; x_wconf 88' lang='lat' dir='ltr'>iubetur</span> <span class='ocrx_word' id='word_1_88' title='bbox 557 1265 642 1350; x_wconf 88' lang='lat' dir='ltr'>(XII</span> <span class='ocrx_word' id='word_1_89' title='bbox 657 1266 703 1352; x_wconf 86' lang='lat'>3).</span> <span class='ocrx_word' id='word_1_90' title='bbox 734 1266 820 1332; x_wconf 88' lang='lat' dir='ltr'>Nam</span> <span class='ocrx_word' id='word_1_91' title='bbox 836 1265 921 1330; x_wconf 89' lang='lat' dir='ltr'>VIII</span> <span class='ocrx_word' id='word_1_92' title='bbox 935 1266 955 1331; x_wconf 83' lang='lat'>5</span> <span class='ocrx_word' id='word_1_93' title='bbox 971 1266 1037 1351; x_wconf 87' lang='lat'><em>(6),</em></span> <span class='ocrx_word' id='word_1_94' title='bbox 1054 1264 1106 1331; x_wconf 91' lang='lat' dir='ltr'>cui</span> <span class='ocrx_word' id='word_1_95' title='bbox 1122 1289 1226 1352; x_wconf 88' lang='lat' dir='ltr'>aeque</span> <span class='ocrx_word' id='word_1_96' title='bbox 1240 1266 1325 1333; x_wconf 89' lang='lat' dir='ltr'>bene</span> <span class='ocrx_word' id='word_1_97' title='bbox 1340 1265 1444 1332; x_wconf 83' lang='lat' dir='ltr'>vindi-</span> 
     </span>
     <span class='ocr_line' id='line_1_11' title="bbox 300 1365 1441 1452; baseline -0.003 -18"><span class='ocrx_word' id='word_1_98' title='bbox 300 1367 369 1434; x_wconf 81' lang='lat' dir='ltr'>cari</span> <span class='ocrx_word' id='word_1_99' title='bbox 391 1375 486 1452; x_wconf 87' lang='lat' dir='ltr'>putat</span> <span class='ocrx_word' id='word_1_100' title='bbox 505 1365 712 1450; x_wconf 87' lang='lat' dir='ltr'>Dirksenus,</span> <span class='ocrx_word' id='word_1_101' title='bbox 733 1390 800 1435; x_wconf 91' lang='lat' dir='ltr'>non</span> <span class='ocrx_word' id='word_1_102' title='bbox 814 1374 941 1432; x_wconf 72' lang='lat' dir='ltr'>‘naxia’</span> <span class='ocrx_word' id='word_1_103' title='bbox 968 1368 1048 1450; x_wconf 86' lang='lat' dir='ltr'>fuit,</span> <span class='ocrx_word' id='word_1_104' title='bbox 1076 1369 1135 1434; x_wconf 87' lang='lat' dir='ltr'>sed</span> <span class='ocrx_word' id='word_1_105' title='bbox 1157 1375 1349 1448; x_wconf 79' lang='lat' dir='ltr'>‘pauperies&#39;</span> <span class='ocrx_word' id='word_1_106' title='bbox 1375 1369 1397 1431; x_wconf 83' lang='lat' dir='ltr'>i.</span> <span class='ocrx_word' id='word_1_107' title='bbox 1414 1389 1441 1432; x_wconf 90' lang='lat' dir='ltr'>e.</span> 
     </span>
     <span class='ocr_line' id='line_1_12' title="bbox 302 1467 1187 1556; baseline 0.002 -22"><span class='ocrx_word' id='word_1_108' title='bbox 302 1473 457 1534; x_wconf 81' lang='lat' dir='ltr'>‘damnum</span> <span class='ocrx_word' id='word_1_109' title='bbox 471 1473 553 1548; x_wconf 76' lang='lat' dir='ltr'>quod</span> <span class='ocrx_word' id='word_1_110' title='bbox 565 1474 741 1550; x_wconf 75' lang='lat' dir='ltr'>quadrupes</span> <span class='ocrx_word' id='word_1_111' title='bbox 751 1473 880 1546; x_wconf 80' lang='lat' dir='ltr'>seceru&#39;</span> <span class='ocrx_word' id='word_1_112' title='bbox 898 1467 1034 1554; x_wconf 86' lang='lat' dir='ltr'>(Paulus</span> <span class='ocrx_word' id='word_1_113' title='bbox 1050 1492 1082 1556; x_wconf 81' lang='lat' dir='ltr'>p.</span> <span class='ocrx_word' id='word_1_114' title='bbox 1091 1467 1187 1554; x_wconf 85' lang='grc'><strong>220).</strong></span> 
     </span>
    </p>

    <p class='ocr_par' dir='ltr' id='par_1_3' title="bbox 386 1567 1444 1658">
     <span class='ocr_line' id='line_1_13' title="bbox 386 1567 1444 1658; baseline -0.002 -22"><span class='ocrx_word' id='word_1_115' title='bbox 386 1571 458 1636; x_wconf 86' lang='lat' dir='ltr'>Iam</span> <span class='ocrx_word' id='word_1_116' title='bbox 479 1569 581 1655; x_wconf 84' lang='lat' dir='ltr'>igitur</span> <span class='ocrx_word' id='word_1_117' title='bbox 601 1591 643 1634; x_wconf 89' lang='lat' dir='ltr'>ex</span> <span class='ocrx_word' id='word_1_118' title='bbox 662 1567 725 1635; x_wconf 87' lang='lat' dir='ltr'>huc</span> <span class='ocrx_word' id='word_1_119' title='bbox 747 1569 884 1658; x_wconf 83' lang='lat' dir='ltr'>Sulpicii</span> <span class='ocrx_word' id='word_1_120' title='bbox 904 1571 1123 1658; x_wconf 83' lang='lat' dir='ltr'>explicatione</span> <span class='ocrx_word' id='word_1_121' title='bbox 1143 1570 1264 1636; x_wconf 88' lang='lat' dir='ltr'>certius</span> <span class='ocrx_word' id='word_1_122' title='bbox 1281 1571 1380 1636; x_wconf 84' lang='lat' dir='ltr'>etiam</span> <span class='ocrx_word' id='word_1_123' title='bbox 1395 1571 1444 1634; x_wconf 89' lang='lat' dir='ltr'>in·</span> 
     </span>
    </p>
   </div>
   <div class='ocr_carea' id='block_1_3' title="bbox 189 1669 1444 1759">
    <p class='ocr_par' dir='ltr' id='par_1_4' title="bbox 189 1669 1444 1759">
     <span class='ocr_line' id='line_1_14' title="bbox 189 1669 1444 1759; baseline -0.002 -21"><span class='ocrx_word' id='word_1_124' title='bbox 189 1677 194 1686; x_wconf 58' lang='lat'><strong>⁴</strong></span> <span class='ocrx_word' id='word_1_125' title='bbox 300 1671 469 1758; x_wconf 84' lang='lat' dir='ltr'>tellegitur</span> <span class='ocrx_word' id='word_1_126' title='bbox 489 1681 523 1736; x_wconf 91' lang='lat' dir='ltr'>et</span> <span class='ocrx_word' id='word_1_127' title='bbox 541 1669 598 1736; x_wconf 93' lang='lat' dir='ltr'>illo</span> <span class='ocrx_word' id='word_1_128' title='bbox 619 1670 691 1736; x_wconf 87' lang='lat' dir='ltr'>loco</span> <span class='ocrx_word' id='word_1_129' title='bbox 706 1671 813 1738; x_wconf 88' lang='lat' dir='ltr'>XII3</span> <span class='ocrx_word' id='word_1_130' title='bbox 834 1673 875 1738; x_wconf 88' lang='lat' dir='ltr'>ab</span> <span class='ocrx_word' id='word_1_131' title='bbox 892 1672 1035 1759; x_wconf 86' lang='lat' dir='ltr'>Ulpiano</span> <span class='ocrx_word' id='word_1_132' title='bbox 1057 1672 1179 1739; x_wconf 76' lang='lat' dir='ltr'>tracho</span> <span class='ocrx_word' id='word_1_133' title='bbox 1202 1683 1235 1738; x_wconf 89' lang='lat' dir='ltr'>et</span> <span class='ocrx_word' id='word_1_134' title='bbox 1250 1672 1315 1738; x_wconf 79' lang='lat' dir='ltr'>Gai</span> <span class='ocrx_word' id='word_1_135' title='bbox 1330 1693 1386 1758; x_wconf 84' lang='lat' dir='ltr'>qur</span> <span class='ocrx_word' id='word_1_136' title='bbox 1377 1673 1444 1738; x_wconf 85' lang='lat' dir='ltr'>ad</span> 
     </span>
    </p>
   </div>
   <div class='ocr_carea' id='block_1_4' title="bbox 235 1772 1446 2466">
    <p class='ocr_par' dir='ltr' id='par_1_5' title="bbox 235 1772 1446 2466">
     <span class='ocr_line' id='line_1_15' title="bbox 301 1772 1446 1874; baseline 0 -36"><span class='ocrx_word' id='word_1_137' title='bbox 301 1772 389 1838; x_wconf 89' lang='lat' dir='ltr'>idem</span> <span class='ocrx_word' id='word_1_138' title='bbox 402 1782 614 1862; x_wconf 87' lang='lat' dir='ltr'>praeceptum</span> <span class='ocrx_word' id='word_1_139' title='bbox 634 1773 721 1840; x_wconf 86' lang='lat' dir='ltr'>redit</span> <span class='ocrx_word' id='word_1_140' title='bbox 743 1775 785 1838; x_wconf 94' lang='lat' dir='ltr'>D.</span> <span class='ocrx_word' id='word_1_141' title='bbox 802 1775 861 1874; x_wconf 84' lang='lat'>50,</span> <span class='ocrx_word' id='word_1_142' title='bbox 880 1775 935 1856; x_wconf 74' lang='lat' dir='ltr'>1,ss</span> <span class='ocrx_word' id='word_1_143' title='bbox 951 1775 1014 1839; x_wconf 90' lang='grc'>238</span> <span class='ocrx_word' id='word_1_144' title='bbox 1031 1775 1086 1856; x_wconf 72' lang='lat'>§3</span> <span class='ocrx_word' id='word_1_145' title='bbox 1102 1779 1232 1840; x_wconf 74' lang='lat' dir='ltr'>Naxiae</span> <span class='ocrx_word' id='word_1_146' title='bbox 1246 1782 1446 1855; x_wconf 80' lang='lat' dir='ltr'>appellatione</span> 
     </span>
     <span class='ocr_line' id='line_1_16' title="bbox 301 1875 1445 1962; baseline 0.001 -23"><span class='ocrx_word' id='word_1_147' title='bbox 301 1895 386 1939; x_wconf 88' lang='lat' dir='ltr'>omae</span> <span class='ocrx_word' id='word_1_148' title='bbox 401 1880 537 1940; x_wconf 79' lang='lat' dir='ltr'>delictum</span> <span class='ocrx_word' id='word_1_149' title='bbox 553 1883 729 1940; x_wconf 80' lang='lat' dir='ltr'>continetur’</span> <span class='ocrx_word' id='word_1_150' title='bbox 752 1876 986 1950; x_wconf 84' lang='lat' dir='ltr'>correctionem</span> <span class='ocrx_word' id='word_1_151' title='bbox 1003 1884 1138 1940; x_wconf 75' lang='lat' dir='ltr'>‘nouum’</span> <span class='ocrx_word' id='word_1_152' title='bbox 1154 1885 1218 1942; x_wconf 90' lang='lat' dir='ltr'>et</span> <span class='ocrx_word' id='word_1_153' title='bbox 1221 1881 1332 1940; x_wconf 82' lang='lat' dir='ltr'>noxae’</span> <span class='ocrx_word' id='word_1_154' title='bbox 1348 1875 1445 1962; x_wconf 87' lang='lat' dir='ltr'>plane</span> 
     </span>
     <span class='ocr_line' id='line_1_17' title="bbox 300 1976 1444 2065; baseline -0.002 -23"><span class='ocrx_word' id='word_1_155' title='bbox 300 1976 519 2044; x_wconf 79' lang='lat' dir='ltr'>reiectaneam</span> <span class='ocrx_word' id='word_1_156' title='bbox 540 1999 623 2042; x_wconf 87' lang='lat' dir='ltr'>esse.</span> <span class='ocrx_word' id='word_1_157' title='bbox 654 1976 806 2063; x_wconf 84' lang='lat' dir='ltr'>Namque</span> <span class='ocrx_word' id='word_1_158' title='bbox 819 1976 994 2042; x_wconf 81' lang='lat' dir='ltr'>discrimen</span> <span class='ocrx_word' id='word_1_159' title='bbox 1010 1977 1095 2065; x_wconf 90' lang='lat' dir='ltr'>quod</span> <span class='ocrx_word' id='word_1_160' title='bbox 1112 1977 1291 2063; x_wconf 87' lang='lat' dir='ltr'>antiquitus</span> <span class='ocrx_word' id='word_1_161' title='bbox 1314 1976 1406 2042; x_wconf 88' lang='lat' dir='ltr'>fuit</span> <span class='ocrx_word' id='word_1_162' title='bbox 1397 2000 1444 2041; x_wconf 87' lang='lat' dir='ltr'>rn-</span> 
     </span>
     <span class='ocr_line' id='line_1_18' title="bbox 235 2071 1444 2168; baseline -0.002 -23"><span class='ocrx_word' id='word_1_163' title='bbox 235 2071 243 2084; x_wconf 72' lang='grc'><strong>”</strong></span> <span class='ocrx_word' id='word_1_164' title='bbox 301 2089 352 2145; x_wconf 87' lang='lat' dir='ltr'>ter</span> <span class='ocrx_word' id='word_1_165' title='bbox 366 2079 501 2144; x_wconf 85' lang='lat' dir='ltr'>noxiam</span> <span class='ocrx_word' id='word_1_166' title='bbox 520 2088 553 2145; x_wconf 88' lang='lat' dir='ltr'>et</span> <span class='ocrx_word' id='word_1_167' title='bbox 573 2100 697 2145; x_wconf 86' lang='lat' dir='ltr'>noxam</span> <span class='ocrx_word' id='word_1_168' title='bbox 717 2087 805 2144; x_wconf 86' lang='lat' dir='ltr'>recte</span> <span class='ocrx_word' id='word_1_169' title='bbox 824 2088 975 2145; x_wconf 91' lang='lat' dir='ltr'>notatum</span> <span class='ocrx_word' id='word_1_170' title='bbox 996 2102 1016 2144; x_wconf 92' lang='lat' dir='ltr'>a</span> <span class='ocrx_word' id='word_1_171' title='bbox 1032 2079 1175 2168; x_wconf 83' lang='lat' dir='ltr'>Sulpicio</span> <span class='ocrx_word' id='word_1_172' title='bbox 1196 2078 1376 2166; x_wconf 89' lang='lat' dir='ltr'>posteriore</span> <span class='ocrx_word' id='word_1_173' title='bbox 1390 2079 1444 2144; x_wconf 84' lang='lat' dir='ltr'>de·</span> 
     </span>
     <span class='ocr_line' id='line_1_19' title="bbox 300 2179 1444 2268; baseline -0.002 -22"><span class='ocrx_word' id='word_1_174' title='bbox 300 2203 391 2246; x_wconf 90' lang='lat' dir='ltr'>mum</span> <span class='ocrx_word' id='word_1_175' title='bbox 405 2189 512 2246; x_wconf 85' lang='lat' dir='ltr'>aetate</span> <span class='ocrx_word' id='word_1_176' title='bbox 527 2181 694 2248; x_wconf 84' lang='lat' dir='ltr'>sublatum</span> <span class='ocrx_word' id='word_1_177' title='bbox 709 2193 773 2247; x_wconf 89' lang='lat' dir='ltr'>est:</span> <span class='ocrx_word' id='word_1_178' title='bbox 798 2189 835 2244; x_wconf 86' lang='lat' dir='ltr'>ut</span> <span class='ocrx_word' id='word_1_179' title='bbox 855 2179 921 2245; x_wconf 88' lang='lat' dir='ltr'>iam</span> <span class='ocrx_word' id='word_1_180' title='bbox 936 2180 1024 2268; x_wconf 90' lang='lat' dir='ltr'>apud</span> <span class='ocrx_word' id='word_1_181' title='bbox 1039 2181 1173 2246; x_wconf 86' lang='lat' dir='ltr'>Livium</span> <span class='ocrx_word' id='word_1_182' title='bbox 1192 2180 1376 2266; x_wconf 89' lang='lat' dir='ltr'>promiscue</span> <span class='ocrx_word' id='word_1_183' title='bbox 1397 2180 1444 2245; x_wconf 84' lang='lat' dir='ltr'>di-</span> 
     </span>
     <span class='ocr_line' id='line_1_20' title="bbox 302 2281 1444 2364; baseline -0.002 -16"><span class='ocrx_word' id='word_1_184' title='bbox 302 2284 388 2348; x_wconf 88' lang='lat' dir='ltr'>citur</span> <span class='ocrx_word' id='word_1_185' title='bbox 403 2287 511 2364; x_wconf 73' lang='lat' dir='ltr'>‘penes</span> <span class='ocrx_word' id='word_1_186' title='bbox 524 2289 629 2348; x_wconf 74' lang='lat' dir='ltr'>milites</span> <span class='ocrx_word' id='word_1_187' title='bbox 650 2290 742 2348; x_wconf 77' lang='lat' dir='ltr'>auxia</span> <span class='ocrx_word' id='word_1_188' title='bbox 757 2290 840 2347; x_wconf 83' lang='lat' dir='ltr'>crut&#39;</span> <span class='ocrx_word' id='word_1_189' title='bbox 856 2281 910 2346; x_wconf 94' lang='lat' dir='ltr'>III</span> <span class='ocrx_word' id='word_1_190' title='bbox 923 2282 977 2363; x_wconf 91' lang='grc'><strong>42,</strong></span> <span class='ocrx_word' id='word_1_191' title='bbox 993 2282 1013 2346; x_wconf 87' lang='grc'><strong>2</strong></span> <span class='ocrx_word' id='word_1_192' title='bbox 1030 2292 1063 2346; x_wconf 91' lang='lat' dir='ltr'>et</span> <span class='ocrx_word' id='word_1_193' title='bbox 1078 2289 1087 2320; x_wconf 81' lang='lat'><em>‘</em></span> <span class='ocrx_word' id='word_1_194' title='bbox 1095 2290 1240 2347; x_wconf 77' lang='lat' dir='ltr'>nemiuem</span> <span class='ocrx_word' id='word_1_195' title='bbox 1255 2301 1355 2346; x_wconf 73' lang='lat' dir='ltr'>uaccae</span> <span class='ocrx_word' id='word_1_196' title='bbox 1367 2302 1444 2362; x_wconf 85' lang='lat' dir='ltr'>poe-</span> 
     </span>
     <span class='ocr_line' id='line_1_21' title="bbox 301 2383 1443 2466; baseline 0 -18"><span class='ocrx_word' id='word_1_197' title='bbox 301 2389 413 2449; x_wconf 79' lang='lat' dir='ltr'>nitebat</span> <span class='ocrx_word' id='word_1_198' title='bbox 419 2392 429 2422; x_wconf 93' lang='lat'>’</span> <span class='ocrx_word' id='word_1_199' title='bbox 444 2384 481 2450; x_wconf 90' lang='lat' dir='ltr'>II</span> <span class='ocrx_word' id='word_1_200' title='bbox 495 2385 552 2466; x_wconf 81' lang='lat'>54,</span> <span class='ocrx_word' id='word_1_201' title='bbox 570 2385 611 2450; x_wconf 88' lang='lat'>10</span> <span class='ocrx_word' id='word_1_202' title='bbox 632 2393 681 2448; x_wconf 79' lang='lat' dir='ltr'>‘at</span> <span class='ocrx_word' id='word_1_203' title='bbox 694 2405 784 2464; x_wconf 78' lang='lat' dir='ltr'>quam</span> <span class='ocrx_word' id='word_1_204' title='bbox 803 2389 839 2449; x_wconf 82' lang='lat' dir='ltr'>ob</span> <span class='ocrx_word' id='word_1_205' title='bbox 854 2389 983 2448; x_wconf 81' lang='lat' dir='ltr'>uoaam&#39;</span> <span class='ocrx_word' id='word_1_206' title='bbox 999 2384 1068 2449; x_wconf 94' lang='lat' dir='ltr'>VII</span> <span class='ocrx_word' id='word_1_207' title='bbox 1083 2385 1120 2466; x_wconf 92' lang='grc'>4,</span> <span class='ocrx_word' id='word_1_208' title='bbox 1136 2385 1157 2449; x_wconf 82' lang='lat'>5</span> <span class='ocrx_word' id='word_1_209' title='bbox 1178 2383 1220 2449; x_wconf 80' lang='lat' dir='ltr'>of.</span> <span class='ocrx_word' id='word_1_210' title='bbox 1235 2384 1323 2450; x_wconf 88' lang='lat' dir='ltr'>VIII</span> <span class='ocrx_word' id='word_1_211' title='bbox 1338 2384 1395 2463; x_wconf 81' lang='lat'>35,</span> <span class='ocrx_word' id='word_1_212' title='bbox 1412 2384 1443 2448; x_wconf 87' lang='lat'>5.</span> 
     </span>
    </p>
   </div>
   <div class='ocr_carea' id='block_1_5' title="bbox 301 2485 1448 2675">
    <p class='ocr_par' dir='ltr' id='par_1_6' title="bbox 301 2485 1448 2675">
     <span class='ocr_line' id='line_1_22' title="bbox 302 2485 1448 2570; baseline -0.003 -18"><span class='ocrx_word' id='word_1_213' title='bbox 302 2485 356 2552; x_wconf 88' lang='lat' dir='ltr'>IX</span> <span class='ocrx_word' id='word_1_214' title='bbox 370 2487 401 2569; x_wconf 91' lang='grc'>8,</span> <span class='ocrx_word' id='word_1_215' title='bbox 417 2487 439 2552; x_wconf 92' lang='grc'><strong>4</strong></span> <span class='ocrx_word' id='word_1_216' title='bbox 453 2491 504 2550; x_wconf 72' lang='lat' dir='ltr'>‘ab</span> <span class='ocrx_word' id='word_1_217' title='bbox 519 2507 631 2550; x_wconf 81' lang='lat' dir='ltr'>uocum</span> <span class='ocrx_word' id='word_1_218' title='bbox 647 2491 733 2550; x_wconf 76' lang='lat' dir='ltr'>dedi’</span> <span class='ocrx_word' id='word_1_219' title='bbox 749 2485 838 2551; x_wconf 88' lang='lat' dir='ltr'>XXI</span> <span class='ocrx_word' id='word_1_220' title='bbox 853 2487 909 2570; x_wconf 84' lang='lat'>30,</span> <span class='ocrx_word' id='word_1_221' title='bbox 926 2486 946 2551; x_wconf 92' lang='grc'><strong>3</strong></span> <span class='ocrx_word' id='word_1_222' title='bbox 962 2524 1003 2533; x_wconf 85' lang='grc'>-</span> <span class='ocrx_word' id='word_1_223' title='bbox 1019 2495 1054 2550; x_wconf 88' lang='lat' dir='ltr'>at</span> <span class='ocrx_word' id='word_1_224' title='bbox 1069 2485 1189 2551; x_wconf 85' lang='lat' dir='ltr'>XXVI</span> <span class='ocrx_word' id='word_1_225' title='bbox 1203 2485 1245 2550; x_wconf 86' lang='grc'>29</span> <span class='ocrx_word' id='word_1_226' title='bbox 1260 2495 1344 2553; x_wconf 85' lang='lat' dir='ltr'>extr.</span> <span class='ocrx_word' id='word_1_227' title='bbox 1363 2491 1448 2550; x_wconf 76' lang='lat' dir='ltr'>‘deae&#39;</span> 
     </span>
     <span class='ocr_line' id='line_1_23' title="bbox 301 2587 1444 2675; baseline 0 -24"><span class='ocrx_word' id='word_1_228' title='bbox 301 2595 417 2652; x_wconf 81' lang='lat' dir='ltr'>aocae’</span> <span class='ocrx_word' id='word_1_229' title='bbox 433 2587 522 2654; x_wconf 92' lang='lat' dir='ltr'>VIII</span> <span class='ocrx_word' id='word_1_230' title='bbox 535 2588 576 2651; x_wconf 91' lang='grc'>28</span> <span class='ocrx_word' id='word_1_231' title='bbox 599 2592 664 2668; x_wconf 72' lang='lat' dir='ltr'>‘qui</span> <span class='ocrx_word' id='word_1_232' title='bbox 682 2608 793 2652; x_wconf 81' lang='lat' dir='ltr'>uocum</span> <span class='ocrx_word' id='word_1_233' title='bbox 808 2595 981 2654; x_wconf 67' lang='lat' dir='ltr'>meruisset!</span> <span class='ocrx_word' id='word_1_234' title='bbox 1000 2627 1034 2635; x_wconf 98' lang='lat'>—</span> <span class='ocrx_word' id='word_1_235' title='bbox 1055 2587 1262 2675; x_wconf 76' lang='lat' dir='ltr'>Quamquam</span> <span class='ocrx_word' id='word_1_236' title='bbox 1283 2587 1336 2652; x_wconf 93' lang='lat' dir='ltr'>IX</span> <span class='ocrx_word' id='word_1_237' title='bbox 1353 2588 1393 2652; x_wconf 88' lang='lat'>10</span> <span class='ocrx_word' id='word_1_238' title='bbox 1410 2588 1444 2651; x_wconf 93' lang='lat' dir='ltr'>in</span> 
     </span>
    </p>
   </div>
   <div class='ocr_carea' id='block_1_6' title="bbox 248 2687 1447 3187">
    <p class='ocr_par' dir='ltr' id='par_1_7' title="bbox 248 2687 1447 3187">
     <span class='ocr_line' id='line_1_24' title="bbox 301 2687 1447 2770; baseline 0 -18"><span class='ocrx_word' id='word_1_239' title='bbox 301 2687 443 2755; x_wconf 86' lang='lat' dir='ltr'>formula</span> <span class='ocrx_word' id='word_1_240' title='bbox 463 2689 586 2754; x_wconf 82' lang='lat' dir='ltr'>fetialis</span> <span class='ocrx_word' id='word_1_241' title='bbox 608 2695 803 2770; x_wconf 78' lang='lat' dir='ltr'>‘quaudoque</span> <span class='ocrx_word' id='word_1_242' title='bbox 824 2695 889 2754; x_wconf 80' lang='lat' dir='ltr'>aue</span> <span class='ocrx_word' id='word_1_243' title='bbox 910 2695 1041 2754; x_wconf 74' lang='lat' dir='ltr'>homiues</span> <span class='ocrx_word' id='word_1_244' title='bbox 1061 2696 1175 2755; x_wconf 76' lang='lat' dir='ltr'>iniussu</span> <span class='ocrx_word' id='word_1_245' title='bbox 1192 2696 1300 2769; x_wconf 78' lang='lat' dir='ltr'>populi</span> <span class='ocrx_word' id='word_1_246' title='bbox 1318 2693 1447 2753; x_wconf 74' lang='lat' dir='ltr'>Romam?</span> 
     </span>
     <span class='ocr_line' id='line_1_25' title="bbox 304 2794 1444 2872; baseline -0.002 -16"><span class='ocrx_word' id='word_1_247' title='bbox 304 2794 460 2868; x_wconf 77' lang='lat' dir='ltr'>Quiritium</span> <span class='ocrx_word' id='word_1_248' title='bbox 471 2795 581 2869; x_wconf 82' lang='lat' dir='ltr'>foedus</span> <span class='ocrx_word' id='word_1_249' title='bbox 596 2799 684 2857; x_wconf 75' lang='lat' dir='ltr'>ictum</span> <span class='ocrx_word' id='word_1_250' title='bbox 699 2798 740 2856; x_wconf 67' lang='grc' dir='ltr'>ἐντ’</span> <span class='ocrx_word' id='word_1_251' title='bbox 752 2798 973 2872; x_wconf 79' lang='lat' dir='ltr'>spoponderunt</span> <span class='ocrx_word' id='word_1_252' title='bbox 988 2803 1075 2870; x_wconf 77' lang='lat' dir='ltr'>atque</span> <span class='ocrx_word' id='word_1_253' title='bbox 1088 2796 1124 2855; x_wconf 81' lang='lat' dir='ltr'>ob</span> <span class='ocrx_word' id='word_1_254' title='bbox 1143 2811 1210 2856; x_wconf 88' lang='lat' dir='ltr'>cam</span> <span class='ocrx_word' id='word_1_255' title='bbox 1227 2811 1291 2854; x_wconf 85' lang='lat' dir='ltr'>rem</span> <span class='ocrx_word' id='word_1_256' title='bbox 1312 2811 1444 2854; x_wconf 79' lang='lat' dir='ltr'>uocum</span> 
     </span>
     <span class='ocr_line' id='line_1_26' title="bbox 248 2895 1445 2960; baseline 0.001 -4"><span class='ocrx_word' id='word_1_257' title='bbox 248 2932 257 2938; x_wconf 86' lang='lat'><em>-</em></span> <span class='ocrx_word' id='word_1_258' title='bbox 301 2905 527 2958; x_wconf 79' lang='lat' dir='ltr'>nocuerunt:</span> <span class='ocrx_word' id='word_1_259' title='bbox 541 2899 656 2959; x_wconf 80' lang='lat' dir='ltr'>obeam</span> <span class='ocrx_word' id='word_1_260' title='bbox 671 2914 734 2958; x_wconf 86' lang='lat' dir='ltr'>rem</span> <span class='ocrx_word' id='word_1_261' title='bbox 752 2898 838 2960; x_wconf 78' lang='lat' dir='ltr'>hosce</span> <span class='ocrx_word' id='word_1_262' title='bbox 856 2899 987 2958; x_wconf 75' lang='lat' dir='ltr'>homiues</span> <span class='ocrx_word' id='word_1_263' title='bbox 1007 2899 1084 2958; x_wconf 76' lang='lat' dir='ltr'>uobis·</span> <span class='ocrx_word' id='word_1_264' title='bbox 1104 2899 1192 2958; x_wconf 81' lang='lat' dir='ltr'>cledo&#39;</span> <span class='ocrx_word' id='word_1_265' title='bbox 1214 2900 1398 2958; x_wconf 71' lang='lat' dir='ltr'>‘noxium&#39;</span> <span class='ocrx_word' id='word_1_266' title='bbox 1416 2895 1445 2957; x_wconf 84' lang='lat' dir='ltr'>si</span> 
     </span>
     <span class='ocr_line' id='line_1_27' title="bbox 301 2994 1444 3082; baseline 0.001 -24"><span class='ocrx_word' id='word_1_267' title='bbox 301 3017 367 3062; x_wconf 92' lang='lat' dir='ltr'>non</span> <span class='ocrx_word' id='word_1_268' title='bbox 381 2995 622 3063; x_wconf 86' lang='lat' dir='ltr'>restituendum</span> <span class='ocrx_word' id='word_1_269' title='bbox 637 3006 705 3080; x_wconf 84' lang='lat' dir='ltr'>est,</span> <span class='ocrx_word' id='word_1_270' title='bbox 727 3005 814 3062; x_wconf 82' lang='lat' dir='ltr'>certe</span> <span class='ocrx_word' id='word_1_271' title='bbox 830 2996 977 3062; x_wconf 85' lang='lat' dir='ltr'>extitisse</span> <span class='ocrx_word' id='word_1_272' title='bbox 998 2995 1087 3081; x_wconf 85' lang='lat' dir='ltr'>apud</span> <span class='ocrx_word' id='word_1_273' title='bbox 1101 2994 1190 3060; x_wconf 89' lang='lat' dir='ltr'>Livii</span> <span class='ocrx_word' id='word_1_274' title='bbox 1205 3005 1354 3061; x_wconf 85' lang='lat' dir='ltr'>auctores</span> <span class='ocrx_word' id='word_1_275' title='bbox 1373 3017 1444 3082; x_wconf 89' lang='lat' dir='ltr'>per·</span> 
     </span>
     <span class='ocr_line' id='line_1_28' title="bbox 302 3085 1114 3187; baseline 0.005 -26"><span class='ocrx_word' id='word_1_276' title='bbox 302 3119 436 3163; x_wconf 88' lang='lat' dir='ltr'>suasum</span> <span class='ocrx_word' id='word_1_277' title='bbox 450 3098 567 3166; x_wconf 84' lang='lat' dir='ltr'>habeo.</span> <span class='ocrx_word' id='word_1_278' title='bbox 577 3099 604 3187; x_wconf 80' lang='lat'>²)</span> <span class='ocrx_word' id='word_1_279' title='bbox 1110 3085 1114 3096; x_wconf 75' lang='grc'><strong>’</strong></span> 
     </span>
    </p>
   </div>
   <div class='ocr_carea' id='block_1_7' title="bbox 303 3226 505 3251">
    <p class='ocr_par' dir='ltr' id='par_1_8' title="bbox 303 3226 505 3251">
     <span class='ocr_line' id='line_1_29' title="bbox 303 3226 505 3251; baseline 0.01 -5"><span class='ocrx_word' id='word_1_280' title='bbox 303 3239 386 3246; x_wconf 42' lang='grc' dir='ltr'>-ν-</span> <span class='ocrx_word' id='word_1_281' title='bbox 392 3226 404 3246; x_wconf 85' lang='grc' dir='ltr'>Ι--</span> <span class='ocrx_word' id='word_1_282' title='bbox 407 3239 505 3251; x_wconf 51' lang='grc' dir='ltr'><strong><em>ω-..φ-</em></strong></span> 
     </span>
    </p>
   </div>
   <div class='ocr_carea' id='block_1_8' title="bbox 300 3321 1445 4412">
    <p class='ocr_par' dir='ltr' id='par_1_9' title="bbox 300 3321 1444 3645">
     <span class='ocr_line' id='line_1_30' title="bbox 370 3321 1444 3389; baseline -0.001 -16"><span class='ocrx_word' id='word_1_283' title='bbox 370 3321 390 3386; x_wconf 93' lang='lat'>¹)</span> <span class='ocrx_word' id='word_1_284' title='bbox 413 3323 472 3374; x_wconf 82' lang='lat' dir='ltr'>Iam</span> <span class='ocrx_word' id='word_1_285' title='bbox 496 3324 531 3375; x_wconf 82' lang='lat' dir='ltr'>ab</span> <span class='ocrx_word' id='word_1_286' title='bbox 550 3321 697 3375; x_wconf 86' lang='lat' dir='ltr'>Huschkio</span> <span class='ocrx_word' id='word_1_287' title='bbox 719 3328 884 3389; x_wconf 84' lang='lat' dir='ltr'>occupatum</span> <span class='ocrx_word' id='word_1_288' title='bbox 907 3323 988 3374; x_wconf 86' lang='lat' dir='ltr'>rideo</span> <span class='ocrx_word' id='word_1_289' title='bbox 1007 3323 1107 3389; x_wconf 83' lang='lat' dir='ltr'>lurisp.</span> <span class='ocrx_word' id='word_1_290' title='bbox 1127 3321 1214 3374; x_wconf 81' lang='lat' dir='ltr'>antei.</span> <span class='ocrx_word' id='word_1_291' title='bbox 1232 3339 1258 3388; x_wconf 89' lang='lat' dir='ltr'>p.</span> <span class='ocrx_word' id='word_1_292' title='bbox 1277 3322 1325 3373; x_wconf 80' lang='lat'>26:</span> <span class='ocrx_word' id='word_1_293' title='bbox 1350 3338 1444 3389; x_wconf 68' lang='lat' dir='ltr'>quarn⁴</span> 
     </span>
     <span class='ocr_line' id='line_1_31' title="bbox 302 3407 1444 3474; baseline 0.002 -18"><span class='ocrx_word' id='word_1_294' title='bbox 302 3421 385 3472; x_wconf 84' lang='lat' dir='ltr'>quam</span> <span class='ocrx_word' id='word_1_295' title='bbox 403 3409 427 3458; x_wconf 87' lang='lat' dir='ltr'>is</span> <span class='ocrx_word' id='word_1_296' title='bbox 447 3407 519 3460; x_wconf 84' lang='lat' dir='ltr'>male</span> <span class='ocrx_word' id='word_1_297' title='bbox 538 3411 567 3459; x_wconf 90' lang='lat' dir='ltr'>et</span> <span class='ocrx_word' id='word_1_298' title='bbox 588 3412 679 3474; x_wconf 83' lang='lat' dir='ltr'>post</span> <span class='ocrx_word' id='word_1_299' title='bbox 686 3410 737 3458; x_wconf 81' lang='lat' dir='ltr'>uit’</span> <span class='ocrx_word' id='word_1_300' title='bbox 756 3409 874 3460; x_wconf 89' lang='lat' dir='ltr'>inseruit</span> <span class='ocrx_word' id='word_1_301' title='bbox 892 3413 920 3460; x_wconf 88' lang='lat' dir='ltr'>et</span> <span class='ocrx_word' id='word_1_302' title='bbox 939 3411 1015 3459; x_wconf 86' lang='lat' dir='ltr'>arete</span> <span class='ocrx_word' id='word_1_303' title='bbox 1040 3423 1101 3458; x_wconf 89' lang='lat' dir='ltr'>cnm</span> <span class='ocrx_word' id='word_1_304' title='bbox 1119 3408 1172 3460; x_wconf 86' lang='lat' dir='ltr'>hoc</span> <span class='ocrx_word' id='word_1_305' title='bbox 1189 3408 1274 3460; x_wconf 85' lang='lat' dir='ltr'>verbo</span> <span class='ocrx_word' id='word_1_306' title='bbox 1292 3407 1409 3457; x_wconf 80' lang='lat' dir='ltr'>iunxit·</span> <span class='ocrx_word' id='word_1_307' title='bbox 1416 3415 1444 3458; x_wconf 83' lang='lat' dir='ltr'>ut</span> 
     </span>
     <span class='ocr_line' id='line_1_32' title="bbox 301 3490 1443 3574; baseline -0.001 -32"><span class='ocrx_word' id='word_1_308' title='bbox 301 3490 359 3546; x_wconf 86' lang='lat' dir='ltr'>Ser.</span> <span class='ocrx_word' id='word_1_309' title='bbox 379 3491 451 3558; x_wconf 84' lang='lat' dir='ltr'>Sulp.</span> <span class='ocrx_word' id='word_1_310' title='bbox 468 3493 499 3544; x_wconf 88' lang='lat' dir='ltr'>R.</span> <span class='ocrx_word' id='word_1_311' title='bbox 519 3495 557 3544; x_wconf 78' lang='lat' dir='ltr'>uit</span> <span class='ocrx_word' id='word_1_312' title='bbox 578 3495 604 3542; x_wconf 86' lang='lat' dir='ltr'>iu</span> <span class='ocrx_word' id='word_1_313' title='bbox 623 3493 696 3550; x_wconf 86' lang='lat' dir='ltr'>XII,</span> <span class='ocrx_word' id='word_1_314' title='bbox 715 3495 829 3544; x_wconf 80' lang='lat' dir='ltr'>duranum</span> <span class='ocrx_word' id='word_1_315' title='bbox 851 3496 998 3574; x_wconf 63' lang='lat' dir='ltr'>olpur&#39;ficot!</span> <span class='ocrx_word' id='word_1_316' title='bbox 1036 3493 1123 3555; x_wconf 80' lang='lat' dir='ltr'>Quasi</span> <span class='ocrx_word' id='word_1_317' title='bbox 1145 3510 1210 3545; x_wconf 90' lang='lat' dir='ltr'>vero</span> <span class='ocrx_word' id='word_1_318' title='bbox 1235 3494 1281 3542; x_wconf 91' lang='lat' dir='ltr'>in</span> <span class='ocrx_word' id='word_1_319' title='bbox 1299 3493 1369 3543; x_wconf 87' lang='lat' dir='ltr'>XII’</span> <span class='ocrx_word' id='word_1_320' title='bbox 1389 3491 1443 3542; x_wconf 84' lang='lat' dir='ltr'>dici</span> 
     </span>
     <span class='ocr_line' id='line_1_33' title="bbox 300 3576 769 3645; baseline 0.007 -18"><span class='ocrx_word' id='word_1_321' title='bbox 300 3577 390 3642; x_wconf 79' lang='lat' dir='ltr'>possit</span> <span class='ocrx_word' id='word_1_322' title='bbox 407 3576 454 3628; x_wconf 87' lang='lat' dir='ltr'>de</span> <span class='ocrx_word' id='word_1_323' title='bbox 458 3577 512 3629; x_wconf 90' lang='lat' dir='ltr'>XII</span> <span class='ocrx_word' id='word_1_324' title='bbox 529 3579 769 3645; x_wconf 80' lang='lat' dir='ltr'>Interpretatione.</span> 
     </span>
    </p>

    <p class='ocr_par' dir='ltr' id='par_1_10' title="bbox 300 3660 1445 4412">
     <span class='ocr_line' id='line_1_34' title="bbox 369 3660 1444 3730; baseline -0.001 -17"><span class='ocrx_word' id='word_1_325' title='bbox 369 3660 391 3727; x_wconf 79' lang='lat'>²)</span> <span class='ocrx_word' id='word_1_326' title='bbox 410 3662 523 3716; x_wconf 80' lang='lat' dir='ltr'>Servius</span> <span class='ocrx_word' id='word_1_327' title='bbox 541 3663 576 3714; x_wconf 84' lang='lat' dir='ltr'>ad</span> <span class='ocrx_word' id='word_1_328' title='bbox 592 3664 660 3717; x_wconf 81' lang='lat' dir='ltr'>Aen.</span> <span class='ocrx_word' id='word_1_329' title='bbox 671 3663 734 3714; x_wconf 80' lang='lat'>141</span> <span class='ocrx_word' id='word_1_330' title='bbox 753 3665 867 3716; x_wconf 79' lang='lat' dir='ltr'>‘Nonum</span> <span class='ocrx_word' id='word_1_331' title='bbox 883 3681 933 3730; x_wconf 86' lang='lat' dir='ltr'>pro</span> <span class='ocrx_word' id='word_1_332' title='bbox 951 3665 1067 3720; x_wconf 81' lang='lat' dir='ltr'>aonium:</span> <span class='ocrx_word' id='word_1_333' title='bbox 1086 3671 1111 3716; x_wconf 82' lang='lat' dir='ltr'>et</span> <span class='ocrx_word' id='word_1_334' title='bbox 1128 3665 1175 3716; x_wconf 82' lang='lat' dir='ltr'>luc</span> <span class='ocrx_word' id='word_1_335' title='bbox 1191 3666 1300 3715; x_wconf 76' lang='lat' dir='ltr'>interest</span> <span class='ocrx_word' id='word_1_336' title='bbox 1315 3665 1383 3714; x_wconf 81' lang='lat' dir='ltr'>iuter</span> <span class='ocrx_word' id='word_1_337' title='bbox 1399 3678 1444 3712; x_wconf 89' lang='lat' dir='ltr'>ao·</span> 
     </span>
     <span class='ocr_line' id='line_1_35' title="bbox 300 3750 1443 3816; baseline 0 -19"><span class='ocrx_word' id='word_1_338' title='bbox 300 3763 362 3800; x_wconf 80' lang='lat' dir='ltr'>nam</span> <span class='ocrx_word' id='word_1_339' title='bbox 379 3756 405 3798; x_wconf 80' lang='lat' dir='ltr'>et</span> <span class='ocrx_word' id='word_1_340' title='bbox 422 3750 537 3808; x_wconf 78' lang='lat' dir='ltr'>noctua.</span> <span class='ocrx_word' id='word_1_341' title='bbox 556 3751 625 3816; x_wconf 75' lang='lat' dir='ltr'>quod</span> <span class='ocrx_word' id='word_1_342' title='bbox 641 3751 722 3802; x_wconf 77' lang='lat' dir='ltr'>aonio</span> <span class='ocrx_word' id='word_1_343' title='bbox 739 3753 814 3815; x_wconf 87' lang='lat' dir='ltr'>culpo</span> <span class='ocrx_word' id='word_1_344' title='bbox 832 3758 882 3808; x_wconf 82' lang='lat' dir='ltr'>eet,</span> <span class='ocrx_word' id='word_1_345' title='bbox 900 3752 930 3801; x_wconf 83' lang='lat' dir='ltr'>iu</span> <span class='ocrx_word' id='word_1_346' title='bbox 946 3757 985 3802; x_wconf 80' lang='lat' dir='ltr'>est</span> <span class='ocrx_word' id='word_1_347' title='bbox 1000 3758 1144 3815; x_wconf 86' lang='lat' dir='ltr'>peccatum,</span> <span class='ocrx_word' id='word_1_348' title='bbox 1164 3766 1235 3801; x_wconf 79' lang='lat' dir='ltr'>uacca</span> <span class='ocrx_word' id='word_1_349' title='bbox 1252 3757 1334 3800; x_wconf 82' lang='lat' dir='ltr'>autem</span> <span class='ocrx_word' id='word_1_350' title='bbox 1349 3763 1443 3813; x_wconf 81' lang='lat' dir='ltr'>poena.</span> 
     </span>
     <span class='ocr_line' id='line_1_36' title="bbox 302 3830 1445 3902; baseline 0 -20"><span class='ocrx_word' id='word_1_351' title='bbox 302 3831 407 3892; x_wconf 64' lang='lat' dir='ltr'>aarum</span> <span class='ocrx_word' id='word_1_352' title='bbox 425 3849 495 3886; x_wconf 73' lang='lat' dir='ltr'>maro</span> <span class='ocrx_word' id='word_1_353' title='bbox 513 3850 578 3901; x_wconf 78' lang='lat' dir='ltr'>quae</span> <span class='ocrx_word' id='word_1_354' title='bbox 596 3837 692 3894; x_wconf 76' lang='lat' dir='ltr'>mouit,</span> <span class='ocrx_word' id='word_1_355' title='bbox 712 3837 792 3887; x_wconf 78' lang='lat' dir='ltr'>aonia</span> <span class='ocrx_word' id='word_1_356' title='bbox 811 3837 839 3885; x_wconf 78' lang='lat' dir='ltr'>nl</span> <span class='ocrx_word' id='word_1_357' title='bbox 855 3837 923 3902; x_wconf 79' lang='lat' dir='ltr'>quaa</span> <span class='ocrx_word' id='word_1_358' title='bbox 944 3837 1053 3886; x_wconf 83' lang='lat' dir='ltr'>nocitum</span> <span class='ocrx_word' id='word_1_359' title='bbox 1071 3836 1220 3900; x_wconf 57' lang='lat' dir='ltr'>neemiam?</span> <span class='ocrx_word' id='word_1_360' title='bbox 1256 3835 1294 3884; x_wconf 84' lang='lat' dir='ltr'>Et</span> <span class='ocrx_word' id='word_1_361' title='bbox 1310 3833 1384 3884; x_wconf 82' lang='lat' dir='ltr'>hane</span> <span class='ocrx_word' id='word_1_362' title='bbox 1403 3830 1445 3882; x_wconf 86' lang='lat' dir='ltr'>al·</span> 
     </span>
     <span class='ocr_line' id='line_1_37' title="bbox 302 3919 1444 3986; baseline -0.001 -19"><span class='ocrx_word' id='word_1_363' title='bbox 302 3921 391 3969; x_wconf 83' lang='lat' dir='ltr'>teram</span> <span class='ocrx_word' id='word_1_364' title='bbox 408 3920 545 3970; x_wconf 80' lang='lat' dir='ltr'>rationem</span> <span class='ocrx_word' id='word_1_365' title='bbox 562 3921 688 3986; x_wconf 84' lang='lat' dir='ltr'>sequitur</span> <span class='ocrx_word' id='word_1_366' title='bbox 705 3921 870 3971; x_wconf 82' lang='lat' dir='ltr'>Triboninni</span> <span class='ocrx_word' id='word_1_367' title='bbox 888 3920 1012 3971; x_wconf 78' lang='lat' dir='ltr'>definitio</span> <span class='ocrx_word' id='word_1_368' title='bbox 1030 3920 1100 3974; x_wconf 88' lang='lat' dir='ltr'>Inst.</span> <span class='ocrx_word' id='word_1_369' title='bbox 1112 3922 1138 3983; x_wconf 88' lang='grc'>4,</span> <span class='ocrx_word' id='word_1_370' title='bbox 1157 3920 1173 3969; x_wconf 93' lang='grc'><strong>8</strong></span> <span class='ocrx_word' id='word_1_371' title='bbox 1191 3920 1234 3980; x_wconf 73' lang='lat'>§1</span> <span class='ocrx_word' id='word_1_372' title='bbox 1253 3919 1344 3969; x_wconf 80' lang='lat' dir='ltr'>‘Noua</span> <span class='ocrx_word' id='word_1_373' title='bbox 1362 3926 1444 3968; x_wconf 75' lang='lat' dir='ltr'>auteur</span> 
     </span>
     <span class='ocr_line' id='line_1_38' title="bbox 301 4003 1445 4071; baseline 0.001 -20"><span class='ocrx_word' id='word_1_374' title='bbox 301 4010 341 4052; x_wconf 77' lang='lat' dir='ltr'>ert</span> <span class='ocrx_word' id='word_1_375' title='bbox 358 4019 452 4068; x_wconf 81' lang='lat' dir='ltr'>corpus</span> <span class='ocrx_word' id='word_1_376' title='bbox 469 4006 539 4071; x_wconf 82' lang='lat' dir='ltr'>quod</span> <span class='ocrx_word' id='word_1_377' title='bbox 554 4008 653 4065; x_wconf 79' lang='lat' dir='ltr'>nocuit,</span> <span class='ocrx_word' id='word_1_378' title='bbox 678 4007 759 4057; x_wconf 79' lang='lat' dir='ltr'>acaia</span> <span class='ocrx_word' id='word_1_379' title='bbox 781 4007 862 4070; x_wconf 80' lang='lat' dir='ltr'>ipsum</span> <span class='ocrx_word' id='word_1_380' title='bbox 884 4007 1048 4070; x_wconf 60' lang='lat' dir='ltr'>maleficium)</span> <span class='ocrx_word' id='word_1_381' title='bbox 1085 4005 1147 4067; x_wconf 78' lang='lat' dir='ltr'>Qua</span> <span class='ocrx_word' id='word_1_382' title='bbox 1166 4020 1195 4054; x_wconf 89' lang='lat' dir='ltr'>re</span> <span class='ocrx_word' id='word_1_383' title='bbox 1214 4003 1258 4068; x_wconf 81' lang='lat' dir='ltr'>fit,</span> <span class='ocrx_word' id='word_1_384' title='bbox 1280 4008 1312 4054; x_wconf 87' lang='lat' dir='ltr'>ut</span> <span class='ocrx_word' id='word_1_385' title='bbox 1333 4007 1445 4069; x_wconf 86' lang='lat' dir='ltr'>praeter</span> 
     </span>
     <span class='ocr_line' id='line_1_39' title="bbox 302 4087 1443 4156; baseline 0.003 -19"><span class='ocrx_word' id='word_1_386' title='bbox 302 4091 398 4139; x_wconf 77' lang='lat' dir='ltr'>‘nouae</span> <span class='ocrx_word' id='word_1_387' title='bbox 413 4091 523 4141; x_wconf 84' lang='lat' dir='ltr'>dedere’</span> <span class='ocrx_word' id='word_1_388' title='bbox 547 4090 583 4144; x_wconf 85' lang='lat' dir='ltr'>cI.</span> <span class='ocrx_word' id='word_1_389' title='bbox 605 4088 760 4141; x_wconf 83' lang='lat' dir='ltr'>Columella</span> <span class='ocrx_word' id='word_1_390' title='bbox 779 4090 812 4141; x_wconf 87' lang='lat' dir='ltr'>de</span> <span class='ocrx_word' id='word_1_391' title='bbox 831 4105 853 4140; x_wconf 87' lang='lat' dir='ltr'>r.</span> <span class='ocrx_word' id='word_1_392' title='bbox 873 4106 893 4139; x_wconf 89' lang='lat' dir='ltr'>r.</span> <span class='ocrx_word' id='word_1_393' title='bbox 914 4092 926 4141; x_wconf 89' lang='grc' dir='ltr'>Ι</span> <span class='ocrx_word' id='word_1_394' title='bbox 944 4091 1033 4156; x_wconf 87' lang='lat' dir='ltr'>praef.</span> <span class='ocrx_word' id='word_1_395' title='bbox 1053 4093 1076 4142; x_wconf 87' lang='lat'>3.</span> <span class='ocrx_word' id='word_1_396' title='bbox 1101 4089 1157 4140; x_wconf 84' lang='lat' dir='ltr'>Gai</span> <span class='ocrx_word' id='word_1_397' title='bbox 1173 4089 1212 4140; x_wconf 92' lang='lat' dir='ltr'>IV</span> <span class='ocrx_word' id='word_1_398' title='bbox 1230 4091 1271 4140; x_wconf 77' lang='lat' dir='ltr'>to.</span> <span class='ocrx_word' id='word_1_399' title='bbox 1297 4088 1369 4140; x_wconf 84' lang='lat' dir='ltr'>Ooll.</span> <span class='ocrx_word' id='word_1_400' title='bbox 1387 4087 1443 4152; x_wconf 81' lang='lat' dir='ltr'>leg.</span> 
     </span>
     <span class='ocr_line' id='line_1_40' title="bbox 301 4173 1444 4242; baseline -0.002 -18"><span class='ocrx_word' id='word_1_401' title='bbox 301 4173 1110 4242; x_wconf 72' lang='lat' dir='ltr'>11a.n.4,3‚s§4.4‚4‚24§3.·s‚1,rsusq.</span> <span class='ocrx_word' id='word_1_402' title='bbox 1137 4174 1334 4238; x_wconf 72' lang='lat' dir='ltr'>auersa.</span> <span class='ocrx_word' id='word_1_403' title='bbox 1357 4175 1444 4236; x_wconf 73' lang='lat' dir='ltr'>aar,</span> 
     </span>
     <span class='ocr_line' id='line_1_41' title="bbox 301 4256 1444 4327; baseline -0.003 -16"><span class='ocrx_word' id='word_1_404' title='bbox 301 4261 317 4307; x_wconf 88' lang='grc'><strong>6</strong></span> <span class='ocrx_word' id='word_1_405' title='bbox 339 4262 354 4320; x_wconf 68' lang='grc'>5</span> <span class='ocrx_word' id='word_1_406' title='bbox 374 4263 396 4314; x_wconf 93' lang='lat' dir='ltr'>l.</span> <span class='ocrx_word' id='word_1_407' title='bbox 422 4262 515 4323; x_wconf 67' lang='lat'>458.</span> <span class='ocrx_word' id='word_1_408' title='bbox 535 4261 610 4327; x_wconf 32' lang='lat' dir='ltr'>&#39;Inst</span> <span class='ocrx_word' id='word_1_409' title='bbox 630 4258 660 4325; x_wconf 59' lang='lat'>43,</span> <span class='ocrx_word' id='word_1_410' title='bbox 683 4265 758 4327; x_wconf 85' lang='lat' dir='ltr'>8pr.</span> <span class='ocrx_word' id='word_1_411' title='bbox 788 4262 877 4312; x_wconf 80' lang='lat' dir='ltr'>(lloss.</span> <span class='ocrx_word' id='word_1_412' title='bbox 902 4263 991 4315; x_wconf 83' lang='lat' dir='ltr'>Labb.</span> <span class='ocrx_word' id='word_1_413' title='bbox 1016 4266 1119 4312; x_wconf 77' lang='lat' dir='ltr'>‘uaoaue</span> <span class='ocrx_word' id='word_1_414' title='bbox 1143 4261 1244 4309; x_wconf 79' lang='lat' dir='ltr'>deditus</span> <span class='ocrx_word' id='word_1_415' title='bbox 1267 4256 1306 4310; x_wconf 79' lang='grc' dir='ltr'>εἰ(</span> <span class='ocrx_word' id='word_1_416' title='bbox 1331 4256 1444 4309; x_wconf 72' lang='lat' dir='ltr'>attactu</span> 
     </span>
     <span class='ocr_line' id='line_1_42' title="bbox 301 4342 1442 4412; baseline 0.004 -20"><span class='ocrx_word' id='word_1_417' title='bbox 301 4342 407 4396; x_wconf 72' lang='lat' dir='ltr'>tolleic&#39;</span> <span class='ocrx_word' id='word_1_418' title='bbox 427 4373 457 4382; x_wconf 84' lang='lat'>-</span> <span class='ocrx_word' id='word_1_419' title='bbox 477 4347 535 4398; x_wconf 85' lang='lat' dir='ltr'>sive</span> <span class='ocrx_word' id='word_1_420' title='bbox 555 4350 592 4397; x_wconf 84' lang='lat' dir='ltr'>‘iu</span> <span class='ocrx_word' id='word_1_421' title='bbox 610 4364 703 4398; x_wconf 70' lang='lat' dir='ltr'>saonam</span> <span class='ocrx_word' id='word_1_422' title='bbox 721 4350 758 4400; x_wconf 58' lang='grc' dir='ltr'>Δ)</span> <span class='ocrx_word' id='word_1_423' title='bbox 782 4349 815 4396; x_wconf 91' lang='lat' dir='ltr'>D.</span> <span class='ocrx_word' id='word_1_424' title='bbox 835 4350 859 4412; x_wconf 83' lang='lat'>9,</span> <span class='ocrx_word' id='word_1_425' title='bbox 881 4351 903 4412; x_wconf 82' lang='lat'>1,</span> <span class='ocrx_word' id='word_1_426' title='bbox 925 4350 935 4396; x_wconf 93' lang='lat' dir='ltr'>l</span> <span class='ocrx_word' id='word_1_427' title='bbox 956 4348 970 4407; x_wconf 71' lang='grc' dir='ltr'>ξ</span> <span class='ocrx_word' id='word_1_428' title='bbox 992 4349 1031 4398; x_wconf 90' lang='lat' dir='ltr'>ll.</span> <span class='ocrx_word' id='word_1_429' title='bbox 1054 4348 1121 4398; x_wconf 88' lang='lat' dir='ltr'>Inst.</span> <span class='ocrx_word' id='word_1_430' title='bbox 1141 4347 1172 4412; x_wconf 88' lang='grc'><strong>4,</strong></span> <span class='ocrx_word' id='word_1_431' title='bbox 1190 4347 1206 4395; x_wconf 90' lang='grc'><strong>8</strong></span> <span class='ocrx_word' id='word_1_432' title='bbox 1224 4346 1239 4406; x_wconf 69' lang='grc' dir='ltr'>ξ</span> <span class='ocrx_word' id='word_1_433' title='bbox 1259 4347 1273 4395; x_wconf 77' lang='lat' dir='ltr'>t</span> <span class='ocrx_word' id='word_1_434' title='bbox 1293 4360 1314 4394; x_wconf 82' lang='lat' dir='ltr'>s.</span> <span class='ocrx_word' id='word_1_435' title='bbox 1333 4347 1380 4396; x_wconf 81' lang='lat' dir='ltr'>‘od</span> <span class='ocrx_word' id='word_1_436' title='bbox 1397 4360 1442 4396; x_wconf 89' lang='lat' dir='ltr'>uo·</span> 
     </span>
    </p>
   </div>
   <div class='ocr_carea' id='block_1_9' title="bbox 0 0 1646 4992">
    <p class='ocr_par' dir='ltr' id='par_1_11' title="bbox 0 0 1646 4992">
     <span class='ocr_line' id='line_1_43' title="bbox 0 0 1646 4992; baseline 0 0"><span class='ocrx_word' id='word_1_437' title='bbox 0 0 1646 4992; x_wconf 95' lang='lat' dir='ltr'> </span> 
     </span>
    </p>
   </div>
  </div>
 </body>
</html>
