3282 4992
334 355 335 358 ’
408 359 456 410 nn
478 359 664 411 nvonncnr
687 338 900 412 rnuunusvn
922 357 1096 408 nunonis.
1305 341 1326 408 3

179 523 248 579 tum
270 525 358 580 esset
380 517 510 583 sublata
531 525 607 581 sunt
618 516 659 601 1);
687 515 786 580 etiam
807 512 964 579 Plaetorii
990 512 1234 600 plebeiscitum,
1261 535 1325 601 quo

162 617 333 702 temporis
350 618 469 702 agendi
484 618 558 683 finis
575 617 671 682 aliter
684 625 783 704 atque
799 636 841 680 ex
857 613 928 701 lege
944 615 1141 683 constitutus
1157 613 1258 699 sst²)'‚
1274 616 1325 679 his

246 839 267 906 ¹)
285 841 424 907 Ulpianus
441 843 475 893 D.
494 845 519 905 9,
538 845 563 906 2,
583 845 606 893 1.

245 925 267 989 ²)
287 925 460 994 Quamquam
472 926 511 977 de
531 943 563 978 eo
582 942 693 992 prorsus
717 927 855 978 diuersam
880 927 1049 976 sententiam
1072 926 1189 992 protulit
1211 925 1243 978 0.
1262 924 1325 986 Iah-

178 1012 242 1062 nius
260 1027 295 1062 ex
313 1011 458 1063 Censorini
475 1012 536 1062 loco
555 1011 589 1062 de
607 1013 653 1063 die
671 1015 731 1065 nat.
749 1027 773 1062 c.
792 1007 826 1062 ul
848 1011 930 1062 ‘Hinc
951 1025 1114 1076 suprema:
1137 1013 1250 1078 quamvis
1268 1015 1327 1077 pla-

178 1099 236 1148 rtmi
251 1113 393 1162 supremam
409 1105 470 1162 post
487 1113 604 1160 occasum
619 1098 682 1148 solis
703 1111 759 1148 esse
777 1097 938 1155 sentiment,
962 1097 1021 1161 quic
1039 1103 1078 1149 est
1095 1099 1122 1146 in
1140 1097 1202 1147 XII
1220 1097 1326 1150 tubulis:

82 1210 83 1213 =
179 1180 271 1234 “Solis
289 1197 394 1233 occasus
411 1197 531 1249 suprema
553 1188 690 1248 tempestas
713 1183 800 1236 esto.''
835 1181 890 1232 Sed
905 1188 999 1246 postea
1015 1181 1054 1233 M.
1071 1183 1220 1234 Plaetorius
1238 1189 1271 1232 tr.
1288 1185 1329 1248 pl:

178 1263 266 1318 saluos
284 1269 341 1318 tulit
357 1273 383 1316 tn
401 1283 449 1334 quo
466 1270 589 1338 scriptam
606 1275 659 1317 est:
677 1269 814 1318 “Praetor
830 1265 943 1316 urbanus
961 1269 1004 1332 qui
1020 1283 1085 1318 canc
1102 1275 1141 1317 est
1153 1270 1243 1334 quique
1253 1274 1326 1331 post·

179 1353 227 1403 llcc
242 1353 302 1415 fuat
320 1345 377 1417 (fiat
394 1352 483 1415 codd.)
501 1355 551 1404 duo
568 1355 673 1404 lictores
690 1355 761 1418 apud
776 1369 804 1404 se
822 1353 914 1404 habeto
931 1357 1003 1418 isque
1022 1351 1054 1416 (s.
1073 1353 1165 1418 iisque)
1184 1369 1326 1418 supremam

180 1439 216 1488 od
230 1442 308 1489 solem
325 1454 440 1490 occasum
456 1440 545 1504 iusque
563 1440 630 1488 inter
645 1440 714 1488 ciues
731 1440 841 1492 dicito.”
866 1437 944 1500 Quae
962 1437 1049 1488 verba
1060 1438 1176 1488 Iahnius
1190 1435 1220 1491 O.
1234 1436 1325 1488 Lach-

179 1524 275 1574 mauni
293 1523 457 1574 comestura
475 1527 583 1588 ‘usquc
601 1527 753 1588 supremom’
771 1523 848 1573 nisus
867 1525 897 1572 in
910 1538 971 1574 earn
984 1528 1091 1588 partem
1104 1524 1223 1590 aceepit,
1245 1525 1325 1589 quasi

179 1608 232 1662 hac
249 1606 312 1674 lege
331 1610 423 1659 iussus
442 1612 518 1659 esset
529 1611 642 1673 praetor
660 1614 778 1674 ‘usque
789 1609 831 1659 ius
844 1609 938 1660 dicere
950 1624 1011 1674 per
1022 1623 1178 1676 supremam
1192 1609 1327 1675 adipsum

180 1694 266 1749 solem
284 1709 428 1753 occasum,
448 1693 502 1744 etsi
520 1709 622 1759 praeco
641 1709 796 1760 supremam
808 1693 892 1760 paulo
905 1699 970 1746 ante
983 1692 1051 1745 solis
1064 1709 1193 1746 oceasum
1206 1710 1326 1762 pronun·

179 1780 281 1830 tiassct
295 1785 323 1830 et
333 1779 440 1830 iudices
453 1779 624 1830 dimisisset)
647 1780 683 1828 At
695 1780 738 1829 his
755 1779 809 1830 etsi
820 1778 961 1830 Rudorifio
978 1794 1086 1844 quoque
1104 1781 1229 1846 probatis
1241 1780 1326 1844 (Hist.

179 1864 234 1917 Iur.
247 1865 324 1917 Rom.
337 1866 351 1915 Ι
364 1868 423 1918 103.
435 1865 463 1915 11
476 1867 509 1916 66
522 1863 559 1928 u.)
573 1864 698 1929 equidem
711 1865 876 1930 adstipulari
889 1867 1050 1930 neutiquam
1062 1880 1182 1932 possum.
1203 1867 1326 1934 Namque

180 1966 241 2000 curn
260 1951 330 2009 mira
347 1951 413 2000 hinc
432 1949 553 2000 efficitur
572 1953 656 2015 atque
675 1949 795 2000 molesta
815 1949 938 2001 eiusdem
956 1952 998 2001 rei
1015 1951 1044 2001 in
1062 1955 1179 2016 utraque
1202 1951 1266 2017 lege
1284 1967 1326 2003 re·
1386 2017 1387 2022 Ἰ

179 2037 292 2102 petiti03
311 2040 368 2085 tum
385 2051 451 2086 vero
470 2036 544 2086 omni
561 2035 615 2086 fide
634 2039 711 2086 caret
728 2041 908 2103 praeceptum
926 2034 980 2086 XII
1003 2035 1074 2102 legis
1094 2035 1243 2102 aliquando
1261 2039 1327 2089 abo·

179 2121 259 2170 litum
277 2121 365 2171 fuisse
385 2111 413 2171 et
430 2121 494 2186 lege
512 2120 656 2173 Plaetoria
673 2122 841 2172 restitutum.
868 2123 953 2172 Immo
972 2121 1038 2186 quid
1056 2122 1098 2172 rei
1116 2121 1152 2172 sit
1172 2124 1327 2174 certissime

182 2205 274 2256 elucet
294 2223 326 2257 ex
338 2207 471 2256 Varronis
490 2205 523 2256 de
542 2205 560 2255 l.
574 2204 592 2256 l.
613 2205 673 2256 loco
691 2207 730 2257 VI
749 2209 764 2257 o
784 2206 922 2271 ‘Suprema
938 2223 1054 2258 murrinam
1072 2209 1137 2265 diei,
1159 2209 1188 2258 ld
1204 2224 1221 2258 a
1238 2224 1328 2273 super·
1392 2271 1395 2277 ¹

167 2294 252 2345 ,rium
288 2291 348 2340 Hoc
365 2297 462 2356 tempus
480 2289 541 2339 XII
560 2290 660 2340 tabulae
683 2293 770 2342 dicunt
790 2307 906 2346 occasum
928 2277 984 2342 esse
1001 2293 1077 2342 solis:
1098 2294 1147 2343 sed
1167 2300 1262 2356 postea
1283 2296 1328 2344 lec

177 2378 314 2426 Plaetoria
332 2377 359 2426 ill
377 2392 475 2442 quoque
488 2381 585 2440 tempus
603 2377 670 2426 iulet
682 2391 738 2426 esse
750 2392 898 2442 supremum,
917 2392 966 2442 quo
977 2392 1074 2440 praeco
1087 2379 1113 2427 in
1125 2379 1225 2428 comitio
1237 2393 1328 2443 supre-

103 2473 108 2480 '
179 2478 242 2512 nram
258 2463 435 2527 pronuntiavit
450 2463 567 2526 populo)
590 2461 650 2524 Quo
668 2460 730 2512 loco
749 2461 801 2512 duo
820 2459 902 2512 simul
921 2461 1079 2536 edocemur:
1098 2464 1215 2528 primum
1228 2478 1327 2530 reapse

181 2548 345 2613 abrogatam
364 2561 426 2598 esse
446 2547 587 2612 antiquam
608 2545 701 2612 legem
725 2546 899 2608 a,Plaetorio
915 2547 964 2597 ita
988 2547 1111 2614 quidem,
1135 2553 1166 2598 ut
1188 2565 1239 2615 pro
1260 2549 1328 2600 solis

180 2648 283 2684 occasu
300 2646 424 2697 -quae
449 2634 491 2682 est
514 2632 626 2696 proprie
649 2647 778 2698 suprema
800 2636 951 2696 tempestas
969 2659 1003 2669 -
1021 2632 1082 2684 finis
1105 2637 1276 2684 statueretur
1300 2635 1328 2686 id

179 2722 301 2784 tempus,
330 2731 384 2782 quo
407 2731 564 2782 suprema
586 2719 883 2782 pronuntiaretur,
911 2717 939 2768 id
963 2723 1006 2769 est
1028 2723 1100 2770 teste
1123 2718 1214 2770 Plinio
1238 2720 1275 2770 H.
1293 2720 1327 2771 N.

179 2803 232 2854 Vll
249 2804 291 2868 60,
310 2803 360 2852 212
379 2817 432 2869 quo
450 2817 468 2852 a
486 2801 613 2878 columna
630 2803 743 2853 Maenia
767 2803 802 2853 ed
827 2818 966 2854 carcerem
985 2803 1089 2867 (arcem
1107 2803 1273 2868 Urlichsius)
1291 2805 1328 2854 si-

180 2887 230 2940 dus
253 2887 409 2940 inclinaret.
450 2887 491 2937 Ac
513 2885 680 2954 respondent
699 2880 757 2940 'sibi
773 2884 853 2954 lhaud
876 2889 972 2939 dubie:
1001 2893 1057 2940 ‘sol
1079 2905 1185 2941 occasus
1206 2905 1326 2954 suprema

181 2979 317 3038 lernpestos
335 2977 399 3024 esto’
420 2977 448 3045 et
465 2973 506 3022 ‘id
522 2989 620 3039 quoquc
637 2980 735 3038 tempus
753 2973 838 3024 lubet
856 2989 911 3024 esse
929 2978 1091 3039 supremum.’
1113 2974 1222 3025 Deinde
1236 2979 1347 3025 autem-

182 3058 361 3110 Oensorinum
379 3049 410 3112 ut
428 3056 501 3108 alias
519 3073 604 3126 saepe
622 3060 663 3108 its
681 3059 727 3116 hic
746 3073 853 3125 quoque
866 3059 1018 3110 Varronem
1032 3059 1214 3126 exscripsisse
1232 3063 1262 3110 ut
1279 3077 1329 3125 per

181 3160 211 3196 se
230 3135 364 3195 credibile
384 3148 426 3194 est
443 3144 485 3194 ita
502 3143 595 3195 vorbis
614 3145 799 3209 ‘respousa’
818 3135 975 3197 luculenter
999 3145 1150 3196 evincitur:
1173 3161 1244 3212 quae
1269 3146 1327 3211 qui-

181 3230 243 3280 dem
268 3245 328 3308 orpm
347 3230 466 3280 Varroni
485 3229 586 3294 optime
611 3230 791 3293 conveniant,
810 3234 867 3279 tum
889 3244 907 3279 a
926 3229 1071 3281 Censorini
1095 3230 1210 3280 consilio
1234 3230 1328 3281 aliena

181 3322 252 3368 suut.
288 3315 357 3366 Nam
381 3314 452 3380 quod
470 3314 584 3365 Iahnius
607 3318 752 3380 utrumque
777 3316 919 3366 existimat
941 3315 1005 3382 lege
1027 3315 1173 3366 Plaetoria
1194 3315 1249 3376 uti,
1274 3332 1328 3382 qua

180 3403 369 3454 demonstrent
385 3413 541 3466 supremam
559 3415 613 3450 uon
631 3405 694 3466 post
712 3417 841 3452 oceasum
859 3399 925 3452 solis
941 3400 1051 3452 demum
1069 3401 1207 3467 incipere,
1226 3401 1275 3452 sed
1295 3417 1329 3452 ex

181 3504 234 3554 quo
253 3502 381 3554 suprema
400 3485 477 3535 dicta
495 3485 544 3548 sit,
563 3485 701 3536 immerito
721 3486 756 3536 ad
774 3487 925 3540 Varronem
948 3487 1034 3537 refert
1057 3486 1130 3551 quod
1153 3485 1205 3536 soli
1224 3487 1329 3538 Censo-

181 3575 241 3624 rino
258 3572 433 3622 tribuendum
453 3579 495 3623 est
514 3578 598 3639 atque
617 3570 685 3621 adeo
704 3571 812 3622 crimini
823 3573 996 3626 vertendum.
1024 3571 1097 3635 Quid
1109 3573 1200 3623 enim?
1225 3573 1329 3638 Ecquis

182 3674 265 3710 sanus
283 3658 364 3709 homo
383 3672 416 3708 ex
434 3658 526 3710 verbis
544 3657 615 3722 legis
639 3656 730 3707 hisce:
749 3659 811 3708 ‘Sol
832 3673 938 3708 occasus
959 3673 1078 3722 suprema
1100 3663 1237 3723 tempestas
1259 3660 1327 3708 esto'

182 3745 233 3795 hoc
258 3741 364 3795 efficiat
387 3759 543 3810 supremam
565 3747 643 3810 post
671 3741 776 3792 solem
799 3757 929 3793 occasum
953 3757 1028 3804 esse,
1051 3742 1079 3792 id
1103 3742 1174 3809 quod
1197 3741 1329 3808 plurimos

183 3830 246 3881 lude
265 3827 398 3894 colligere
417 3829 538 3880 affirmat
557 3831 671 3880 auctori
695 3827 726 3878 Id
744 3829 769 3878 si
788 3828 897 3895 quidem
916 3829 1060 3894 quisquam
1079 3828 1208 3892 credidit,
1228 3827 1328 3878 saltem

183 3930 237 3966 non
254 3913 328 3966 hanc
347 3915 381 3965 ob
400 3928 528 3966 caussam
547 3913 672 3965 credidit.
709 3913 763 3964 Sed
781 3916 842 3965 siue
860 3928 959 3964 revera
981 3914 1037 3966 ista
1056 3915 1149 3981 opinio
1170 3913 1257 3964 latius
1280 3929 1329 3980 pa·

183 4002 261 4052 tebat
278 4001 337 4052 sive
354 3999 383 4048 in
401 4001 493 4066 scirpo
510 4000 611 4051 nodum
634 4000 744 4064 quaerit
762 3999 942 4063 Censorinus,
968 4004 1043 4052 certe
1067 3997 1181 4050 mirifice
1207 3999 1330 4051 abutitur
1417 4051 1418 4058 ,

183 4087 243 4138 loco
266 4085 440 4137 Varroniano
463 4085 498 4136 ad
520 4085 714 4136 difficultatem
737 4085 791 4136 sibi
813 4085 868 4151 ipsi
892 4093 1014 4137 creatam
1044 4084 1264 4136 convellendam.
1305 4085 1330 4134 A

182 4173 307 4224 Varrone
326 4171 398 4222 enim
416 4177 521 4222 certum
540 4171 674 4222 eiusmodi
692 4171 837 4241 consilium
854 4169 937 4237 plane
956 4171 1048 4222 abest:
1068 4171 1115 4236 qui
1133 4185 1202 4220 ansa
1215 4169 1282 4221 data
1295 4169 1330 4220 ad

182 4257 348 4309 vocabulum
367 4261 506 4322 ‘supremo'
526 4257 697 4309 diversarum
715 4257 809 4322 legum
827 4256 861 4306 de
880 4271 1008 4323 supreme
1025 4257 1083 4307 diei
1100 4255 1242 4306 iudicialis
1260 4260 1330 4308 tem-

181 4347 293 4410 pestate
311 4343 483 4410 mentionem*
495 4344 584 4394 inicit.
621 4342 697 4405 Quas
710 4343 794 4408 »leges
812 4343 842 4393 in
860 4357 939 4394 suum
956 4357 1037 4393 usum
1056 4344 1184 4406 arreptas
1203 4340 1330 4394 Censori·
1390 4389 1392 4392 .

182 4445 234 4481 nus
253 4443 314 4482 cum
336 4431 379 4480 itu
400 4432 473 4484 inter
496 4446 526 4480 se
549 4432 720 4495 opposuerit,
747 4433 777 4477 ut
798 4444 847 4494 pro
869 4443 938 4482 vera
961 4427 1116 4494 argumenti
1138 4426 1333 4494 discrepantia

1082 4509 1129 4575 l*
