3282 4970
286 271 348 338 124
716 289 853 337 rasum
877 291 926 336 ur.
952 291 998 336 ιν.

370 459 505 508 rubrus
532 457 700 508 uvunluis
727 459 852 508 Paleris
881 459 1048 508 SECANTO.
1093 461 1125 508 si
1154 460 1242 508 PLVS
1273 461 1429 509 Mluvsvss
1521 423 1529 428 h

281 561 503 625 .SEGVERVNT,
528 562 567 610 SE
590 561 731 608 FRAVDE
753 561 852 610 ESTO.

725 705 735 723 ·
838 681 868 744 7.

368 817 549 866 ADVERSVS
572 816 714 866 HOSTEM
735 817 899 865 AETERNA
922 816 1152 896 Avcrolalrns
1167 813 1210 866 esi
1230 851 1237 866 .

720 1020 906 1087 TABVLA
928 1021 988 1086 IV.

747 1176 868 1237 ·l.

368 1295 481 1362 Cicero
505 1295 545 1358 de
567 1293 630 1378 leg.
648 1294 702 1358 ΙΙΙ
723 1295 760 1376 8,
785 1295 824 1358 19
847 1294 955 1358 ‘cuius
980 1293 1041 1378 (sc.
1063 1295 1265 1382 tribunatus)
1287 1297 1428 1383 primum
1514 1349 1531 1375 ,

282 1408 390 1464 ortum
412 1398 441 1460 si
462 1397 628 1462 recordari
650 1396 817 1477 uolumus,
836 1395 925 1460 'inter
947 1417 1038 1459 arma
1060 1396 1182 1460 ciuium
1205 1407 1237 1463 et
1259 1401 1427 1484 occupatis

283 1508 316 1564 et
343 1499 487 1564 obsessis
516 1499 606 1563 urbis
636 1496 716 1562 locis
744 1507 951 1583 procreatum
984 1497 1138 1562 uidimus,
1188 1499 1318 1564 Deinde
1351 1523 1426 1566 cum

283 1611 370 1666 esset
402 1602 484 1666 cito
518 1599 733 1684 ablegatus
764 1591 964 1686 tamquam
998 1622 1045 1664 ex
1073 1599 1155 1664 XII
1180 1600 1335 1680 tabulis
1368 1602 1426 1667 in-

283 1703 414 1786 signis
435 1702 484 1765 ad
500 1701 804 1768 deformitatem
826 1724 923 1788 puer
944 1702 1038 1767 breui
1061 1712 1206 1787 tempore
1228 1702 1338 1768 nescio
1360 1727 1426 1790 quo

282 1815 380 1891 pacto
401 1801 581 1868 ‘recreatus
610 1801 777 1890 multoque
804 1803 941 1869 taetrior
968 1814 1000 1869 et
1033 1803 1161 1868 foedior
1190 1797 1322 1868 renatus
1357 1813 1425 1870 est'

284 1903 469 1989 (ablegatus
494 1908 644 1968 Auratus:
682 1902 810 1989 legatus
837 1910 925 1969 codd.
957 1915 1091 1970 necatus
1117 1905 1270 1970 Puteanus
1305 1906 1425 1972 letatus

206 2008 211 2016 '
284 2011 431 2071 Gruterus
451 2004 518 2072 leto
540 2005 637 2072 datus
661 2007 814 2094 Orellius).

282 2267 356 2326 §19-
392 2263 597 2326 quinctilianus
615 2264 658 2315 111
677 2266 701 2326 6,
720 2266 754 2316 84
772 2264 853 2314 ‘Sunt
872 2263 943 2314 enim
962 2265 1098 2328 quaedam
1115 2281 1171 2316 non
1188 2255 1344 2315 laudabilia
1370 2277 1426 2314 nou

282 2353 395 2409 natura,
415 2349 463 2400 scd
481 2350 541 2399 iure
560 2363 700 2408 concessa,
719 2353 749 2399 ut
766 2349 795 2399 in
812 2349 867 2400 XII
885 2348 988 2399 tabulis
1007 2349 1140 2401 debitoris
1159 2366 1256 2416 corpus
1274 2349 1348 2400 inter
1366 2364 1426 2399 cre·

282 2435 385 2486 ditores
403 2433 491 2485 diuidi
507 2431 598 2497 licuit,
618 2449 699 2499 quam
716 2433 805 2500 legem
825 2449 883 2485 mos
894 2433 1022 2500 publicus
1034 2435 1212 2500 repudiauit'
1235 2433 1427 2485 Tertullianus

281 2520 360 2585 Apol.
379 2522 396 2570 4
413 2519 479 2570 ‘Sed
501 2523 531 2570 ct
552 2519 691 2570 iudicatos
712 2519 741 2570 in
762 2522 858 2583 partes
879 2519 970 2570 secari
993 2535 1010 2568 a
1029 2519 1212 2572 creditoribus
1235 2518 1313 2586 leges
1333 2523 1424 2568 erant.-

282 2619 420 2655 eonsensu
438 2608 531 2656 tamen
549 2604 660 2670 publico
679 2604 829 2655 crudelitas
848 2608 946 2670 postea
966 2619 1047 2654 erasa
1065 2608 1122 2668 est,
1142 2603 1194 2668 (et)
1206 2606 1235 2654 in
1247 2603 1359 2670 pudoris
1378 2620 1425 2655 no·

281 2693 339 2738 tam
358 2688 458 2753 capitis
481 2703 573 2754 poena
591 2704 726 2740 conuersa
750 2693 806 2739 esta
829 2688 961 2739 bonorum
986 2686 1112 2740 adhibita
1134 2689 1300 2755 proscriptio
1322 2688 1425 2738 suffun-

282 2774 346 2823 dere
369 2772 469 2822 maluit
491 2771 608 2823 bominis
631 2774 795 2839 sanguinem
823 2789 904 2840 quam
928 2773 1089 2824 effundere)
1129 2775 1183 2826 Dio
1207 2773 1289 2824 Cass.
1312 2774 1346 2823 ir.
1370 2775 1426 2824 XII

283 2855 327 2920 (Α.
346 2856 405 2907 Mai
415 2855 522 2922 'Script
540 2861 597 2906 uet.
616 2873 679 2910 nou.
699 2857 762 2909 coll.
781 2859 810 2908 ΙΙ.
827 2875 853 2923 p.
874 2860 934 2920 144)
957 2856 1079 2909 ἄλλοτε
1098 2858 1143 2909 καὶ
1161 2856 1255 2910 πολλὰ
1273 2856 1346 2909 κατὰ
1363 2860 1425 2908 τῶν

281 2938 468 3006 ὑπερημέρων
480 2940 577 2993 αὐτοῖς
589 2939 710 3006 έδίδοτο,
729 2942 774 2993 καί
793 2939 817 2994 εἰ
829 2941 863 3006 δή
876 2957 951 2994 τινες
970 2940 999 3006 (l.
1017 2941 1082 3009 τινι)
1100 2941 1214 2995 πλείους
1232 2941 1425 3011 δεδανεικότες

281 3025 397 3092 ἔτυχον,
416 3025 608 3092 κρεουργηδὸν
627 3025 716 3078 αὐτοῦ
734 3025 769 3078 τὸ
787 3029 866 3090 ςῶμα
883 3025 955 3092 πρὸς
976 3025 1012 3078 τὸ
1036 3025 1117 3091 μέρος
1140 3025 1182 3078 ὠν
1204 3027 1328 3092 ὠφειλεν
1350 3026 1425 3080 {iou-

282 3108 341 3163 clur
363 3110 443 3175 εἶχον
462 3110 674 3176 κατανέμεςθαι·
698 3111 743 3164 καὶ
760 3113 848 3163 τοῦτο
867 3111 916 3175 μέν
939 3109 964 3164 εἰ
987 3111 1090 3164 καὶτὰ
1113 3110 1229 3175 μάλιςτα
1251 3111 1424 3176 ένενόμιετο,

282 3195 348 3289 dlt’
364 3195 398 3250 οὔ
415 3193 443 3248 τί
459 3211 492 3260 γε
509 3197 554 3249 καί
572 3195 648 3262 ἔργῳ
666 3197 737 3249 ποτὲ
754 3196 879 3261 ἐγεγόνει
897 3197 956 3248 κτλ.

349 3301 374 3352 7.
394 3298 491 3349 Cicero
510 3298 543 3349 de
563 3298 610 3348 off.
627 3300 641 3349 Ι
660 3301 701 3362 12,
719 3302 752 3350 37
770 3299 877 3350 ‘Hostis
896 3299 969 3349 enim
987 3297 1059 3363 apud
1077 3299 1196 3350 maiores
1214 3303 1322 3350 nostros
1339 3300 1364 3350 is
1382 3299 1425 3350 di·

282 3382 397 3434 cebatur
421 3396 501 3447 quem
523 3398 597 3434 nunc
619 3384 793 3450 peregrinum
816 3384 940 3437 dicimus.
974 3382 1105 3434 Indicant
1127 3383 1272 3434 duodecim
1293 3383 1422 3436 tabulae:

283 3463 539 3532 [112]‚itemque=
560 3468 755 3519 ‘Aduersus’
775 3509 781 3521 .
801 3504 807 3519 .
828 3507 834 3518 .
871 3469 908 3521 ci.
927 3469 1014 3520 Varro
1032 3467 1066 3518 de
1084 3469 1116 3519 L.
1135 3470 1169 3520 L.
1188 3470 1213 3520 V
1230 3471 1256 3520 3.
1294 3492 1297 3509 ι

351 3571 374 3618 1.
394 3567 429 3620 cf.
445 3567 563 3634 Dionys.
581 3569 646 3623 Hal.
664 3566 693 3620 11
712 3571 744 3621 15
762 3571 879 3634 πρῶτον
897 3565 947 3633 μέν
966 3566 1006 3621 εἰς
1024 3567 1150 3635 ἀνάγκην
1169 3567 1318 3634 κατέςτηςε
1336 3569 1386 3634 (sc.
1407 3570 1424 3622 δ

282 3650 435 3716 Ῥωμύλος)
455 3651 523 3704 τοὺς
543 3650 694 3718 οἰκήτορας
719 3652 808 3719 αὐτῆς
831 3651 942 3705 ἅπαςαν
965 3653 1069 3719 ἄρρενα
1086 3653 1188 3718 γενεὰν
1210 3653 1356 3720 ἐκτρέφειν
1378 3656 1424 3710 καί

281 3735 446 3808 θυγατέρων
467 3735 519 3789 τὰς
542 3738 759 3803 πρωτογόνους’
787 3736 990 3791 ἀποκτινὺνναι
1015 3737 1048 3791 ’δέ
1066 3737 1151 3805 μηδέν
1173 3741 1233 3791 τῶν
1260 3739 1424 3804 γενομένων

281 3809 426 3888 νεώτερον
443 3824 585 3888 τριετοῦς,
604 3822 682 3886 πλὴν
700 3821 762 3875 εἴτι
779 3821 890 3886 γένοιτο
908 3821 1020 3876 παιδίον
1038 3822 1186 3890 ἀνάπηρον
1203 3824 1221 3888 ἢ
1239 3822 1322 3890 τέρας
1340 3824 1424 3880 εὐθὺς

281 3905 339 3958 ἀπὸ
359 3909 454 3973 γονῆς.
493 3908 585 3958 ταῦτα
606 3906 635 3957 δ’
657 3906 710 3958 οὐκ
732 3905 873 3959 έκώλυςεν
894 3906 1031 3960 ἐκτιθέναι
1057 3908 1126 3961 τοὺς
1148 3907 1343 3974 γειναμένους,
1367 3909 1424 3962 ἐπι-

312 4116 316 4124 ⁸
368 4151 395 4209 6.
421 4151 512 4207 tertiis
541 4149 619 4208 Voss.
637 4151 704 4206 miu.
719 4150 816 4208 Petau.
896 4152 1094 4226 partisseeanto
1116 4151 1252 4209 German.
1284 4154 1370 4227 partis
1392 4148 1424 4227 (s.

279 4233 347 4310 ptis)
369 4236 484 4377 {eurenais
497 4237 676 4378 ddurdiiqum
690 4237 764 4292 libri.
788 4253 815 4310 p..
833 4244 947 4293 secunto
962 4236 1130 4294 Huschlu'us
1144 4239 1165 4294 l.
1178 4238 1197 4294 l.
1210 4255 1241 4309 p.
1258 4241 1298 4294 88
1313 4255 1341 4294 u.
1363 4242 1423 4294 110.
