3282 4992
287 332 329 396 44
519 316 521 322 ’
707 345 819 394 olrvr
842 345 1008 392 rssrrvu.

288 501 432 568 restituit
445 500 638 565 Huschkius
656 498 696 563 de
712 499 805 582 tigno
826 499 936 562 iuncto
958 521 990 584 p.
1009 499 1096 562 1011.
1118 496 1232 583 ‘Apud
1250 509 1347 584 quem'
1366 496 1433 562 fur·

288 615 357 670 tum
372 613 567 688 conceptum
583 602 645 666 esit
660 600 798 688 queique
814 600 844 664 ei
860 599 990 681 obtulit,
1012 599 1065 664 nei
1082 599 1169 685 apud
1186 622 1221 664 se
1242 619 1433 686 ooneapere·

288 716 353 787 tur,
369 705 468 792 triplo
483 727 541 792 pro
558 707 631 768 fure
647 703 802 767 damnum
815 701 994 784 deceidit03
1012 701 1059 766 sei
1071 723 1227 788 quaerere
1239 702 1433 787 prohibesit,

287 807 395 872 nudus
411 805 504 870 lance
525 815 558 870 et
576 805 652 870 lieio
676 805 843 892 quaerito,
862 803 981 868 ita'sei
1002 803 1169 889 concapit,
1192 803 1317 869 furtum
1332 804 1433 870 mani-

287 907 410 974 festum
436 908 538 974 esito’
567 907 655 993 (sie).
682 945 723 954 -
744 909 798 972 Ao
821 905 886 973 tale
908 905 986 992 quid
1007 926 1125 973 revera
1146 906 1288 972 sensisse
1310 905 1431 972 Gaium

287 1011 391 1077 verba
411 1008 470 1074 illa
491 1009 661 1075 declarant
684 1008 772 1073 unde
798 1007 897 1073 simul
921 1030 1019 1095 quam
1044 1029 1111 1072 non
1136 1006 1337 1076 intellexerit
1362 1008 1431 1072 vim

164 1134 167 1139 ·
286 1111 383 1176 huius
398 1113 564 1198 praecepti
580 1121 716 1198 apparet
731 1115 751 1193 ξ
768 1112 829 1176 193
845 1113 959 1186 ‘Quare
979 1117 1030 1175 tea
1051 1119 1110 1175 rota
1129 1113 1261 1174 ridicula
1281 1122 1340 1174 est:
1360 1130 1431 1173 uara

195 1262 198 1268 .
288 1219 345 1299 qui¹
359 1221 489 1280 uestitum
510 1235 655 1293 quaerere
672 1218 821 1293 prohibet,
837 1220 862 1277 r's
882 1221 912 1276 et
929 1217 1043 1276 audura
1063 1231 1210 1291 quaerere
1227 1216 1432 1292 prohibiturus

287 1327 343 1392 est,
358 1337 393 1380 ea
407 1323 516 1394 maqr's,
532 1320 612 1394 quoa
625 1322 667 1381 ita
682 1321 817 1395 quaesita
831 1335 881 1380 res
895 1321 1014 1379 inuenta
1028 1319 1138 1379 maiori
1154 1335 1271 1394 poenae
1284 1318 1431 1378 subiicia-

288 1424 361 1482 ίαν)
379 1453 414 1464 -
434 1417 537 1504 Atqui
553 1439 684 1500 vereor,
700 1425 737 1482 ut
751 1417 833 1482 haee
848 1416 1017 1482 sufficiant
1032 1416 1074 1481 ad
1095 1415 1267 1503 scrupulos
1288 1415 1431 1480 eximen-

288 1520 348 1586 dos
370 1541 586 1606 caussamque
608 1518 836 1585 dirimendam.
879 1518 969 1600 Quid
989 1519 1099 1587 enim?
1138 1517 1253 1583 Talem
1276 1519 1304 1582 si
1325 1517 1432 1602 legem
1480 1514 1484 1524 ’

288 1622 393 1687 Gaius
409 1629 485 1686 ante
507 1621 617 1686 oeulos
640 1621 827 1704 habuisset,
848 1643 927 1686 num
948 1620 1176 1687 eredibilerest
1195 1621 1230 1685 in
1251 1641 1291 1686 ea
1311 1619 1432 1685 deseri-

287 1722 398 1790 benda
421 1722 458 1786 id
481 1723 591 1808 ipsum
616 1721 690 1788 eum
716 1724 914 1789 omissurum
937 1723 1044 1788 fuisse
1068 1721 1157 1810 quod
1176 1730 1209 1787 et
1229 1721 1336 1788 omitti
1361 1720 1433 1787 sine

192 1851 193 1856 ¹
288 1845 413 1892 summo
430 1825 613 1890 sententiae
628 1824 823 1891 detrimento
839 1847 904 1889 non
919 1834 1049 1912 poterat
1063 1834 1095 1891 et
1111 1822 1204 1906 addi,
1221 1822 1361 1889 simodo
1378 1845 1431 1888 ex·

289 1935 375 1992 taret
382 1927 516 2012 ,ipsius
537 1949 635 2013 quam
655 1929 798 2015 maxime
822 1929 980 1993 interesse
1002 1923 1167 1993 debebat?
1205 1926 1310 1990 Immo
1330 1925 1434 1993 verba

288 2034 466 2094 ‘leuantem
479 2049 517 2093 eo
532 2036 679 2094 nomiae
690 2029 750 2114 (se.
763 2029 934 2116 prohibiti)
947 2035 1088 2093 nullam
1099 2049 1255 2109 paenam
1270 2032 1433 2094 coastdur‘r:

288 2137 343 2196 hoa
363 2138 456 2196 saum
471 2137 681 2211 praecepit,
702 2141 734 2195 ut
753 2139 820 2211 qur'
839 2152 1024 2210 quaerere
1044 2137 1150 2210 uelit,
1173 2136 1272 2196 nudus
1292 2137 1432 2209 quaerar

288 2257 316 2300 e.
332 2255 364 2320 q.
380 2256 406 2300 s.
423 2269 467 2281 -
480 2235 510 2300 si
525 2234 654 2299 confers
670 2238 690 2316 ξ
708 2235 769 2300 188
785 2238 853 2298 ‘Est
865 2240 952 2300 ethrm
961 2237 1107 2316 prohibiti
1117 2238 1199 2311 furti
1210 2239 1355 2298 aduersus
1366 2252 1433 2298 eum
1514 2233 1517 2242 “

288 2343 340 2415 qui
351 2339 469 2412 furtum
484 2357 671 2414 quaerere
690 2343 866 2412 ualentem
885 2341 1086 2417 prohibuerit'
1102 2375 1145 2387 -—
1160 2335 1430 2402 dilucideostem

289 2439 370 2503 dunt
394 2460 455 2503 nee
480 2436 683 2524 prohibentis
707 2460 767 2503 neo
792 2438 950 2526 prohibiti
974 2438 1151 2524 vestigium
1177 2440 1212 2502 in
1232 2437 1305 2522 lege
1327 2435 1431 2502 ullum

288 2541 408 2621 fuisse,
429 2561 543 2605 verum
559 2539 600 2604 de
615 2541 731 2627 quovis
754 2540 842 2607 furto
864 2541 1077 2627 oonmpiendo
1097 2542 1145 2607 ita
1164 2549 1296 2606 cautum
1317 2539 1432 2605 fuisse.
1488 2533 1492 2544 ’

290 2643 380 2724 Quin
397 2640 488 2706 istud
509 2640 618 2728 ipsum
641 2649 711 2721 ‘qur'
736 2651 867 2708 astitum
888 2664 1035 2723 quaerere
1049 2647 1202 2723 probibet,
1227 2651 1252 2708 is
1269 2655 1301 2708 et
1321 2649 1434 2710 uadum
1463 2634 1467 2640 ⁵

289 2765 435 2824 quaerere
445 2748 652 2823 prohibiturus
665 2752 725 2808 θεῖ’
741 2746 800 2812 vix
816 2745 957 2811 dixisset
977 2747 1047 2811 iure
1064 2745 1247 2829 consultus,
1264 2745 1292 2810 si
1312 2745 1346 2809 in
1360 2746 1435 2832 ipsa

289 2846 361 2931 lege
377 2846 544 2912 disertis
560 2847 700 2912 verbis
716 2857 867 2914 sanetum
882 2848 1095 2935 repperisset,
1117 2858 1155 2914 ut
1175 2848 1275 2933 isqui
1296 2846 1433 2934 prohi-

290 2948 399 3015 bitus
416 2956 504 3013 esset
518 2969 691 3034 quaerere,
707 2972 783 3015 oum
797 2949 890 3016 lanoe
906 2961 939 3016 et
952 2951 1028 3016 lioio
1045 2951 1270 3037 quaestionem
1285 2948 1433 3015 institue-

289 3060 353 3116 ret:
373 3051 582 3137 nequeenim
597 3062 667 3117 tum
683 3051 736 3118 vel
752 3057 881 3121 tanente
901 3051 973 3137 lege
994 3052 1109 3138 fugere
1129 3075 1202 3118 eum
1223 3051 1332 3138 potuit
1349 3050 1434 3116 hane

207 3234 209 3239 ,
291 3152 481 3218 sollemnem
497 3155 719 3240 quaestionem
735 3165 769 3221 et
782 3155 890 3242 ipsam
904 3155 1071 3242 prohiberi
1086 3155 1137 3220 fas
1154 3154 1225 3240 lege
1240 3175 1306 3219 non
1319 3153 1434 3218 fuisse.

290 3258 400 3342 Atque
421 3255 483 3320 hae
503 3258 537 3320 in
558 3279 594 3320 re
615 3256 715 3321 fidem
730 3257 815 3322 Gaio
838 3256 1065 3341 denegandam
1087 3280 1159 3322 esse
1180 3257 1252 3344 ipse
1267 3257 1434 3341 Vangero'-

289 3357 372 3420 wius
389 3357 538 3422 coneedit
553 3381 584 3443 p.
594 3358 636 3422 22
652 3382 700 3445 sq.
710 3360 752 3444 ¹);
770 3359 832 3423 etsi
846 3359 874 3424 is
890 3369 991 3443 auget
1002 3381 1159 3444 errorem3
1177 3360 1233 3446 qui
1248 3361 1326 3446 quin
1341 3351 1449 3446 pro·¹

290 3456 462 3556 bibitum
477 3459 628 3526 furtum
643 3461 710 3524 iam
725 3483 767 3524 ex
783 3461 853 3527 XII
868 3460 1056 3528 tabularum
1071 3463 1142 3527 iure
1157 3462 1245 3530 furto
1259 3462 1434 3527 manifesto

290 3560 539 3646 aequiparatum
560 3561 675 3644 fuerit,
697 3563 805 3628 nullus
827 3564 966 3631 dubitet.
1000 3566 1061 3647 At,
1084 3564 1172 3652 quod
1195 3564 1283 3648 dixi,
1304 3565 1340 3628 in
1360 3555 1435 3630 oon-¹

289 3661 427 3727 trariam
441 3664 551 3749 potius
566 3675 694 3751 partem
701 3666 765 3731 Gai
778 3655 871 3731 error
886 3666 989 3756 valet:
1007 3668 1063 3754 qui
1077 3691 1152 3733 oum
1167 3666 1267 3732 semel
1282 3666 1435 3754 opinione

288 3765 512 3851 praecepisset
525 3776 698 3855 utramque
714 3791 853 3854 poenam
868 3778 902 3835 et
917 3770 1064 3857 concepti
1080 3779 1178 3856 atque
1191 3768 1295 3835 oblati
1309 3767 1391 3834 furti
1402 3777 1437 3837 et

290 3889 364 3932 oum
379 3867 472 3934 lanee
488 3880 521 3936 et
541 3869 617 3937 licio
639 3871 789 3957 consepti
810 3894 876 3936 una
898 3872 1026 3957 exlege
1042 3870 1112 3937 XII
1127 3871 1250 3958 repeti,
1269 3870 1347 3936 huie
1367 3870 1435 3958 opi-

290 3971 380 4035 nioni
395 3970 504 4057 ipsum
525 3971 607 4058 legis
629 3982 842 4060 praeceptum
863 3965 1012 4061 quamvis
1029 3975 1169 4042 invitum
1190 3972 1436 4041 accommodare

360 4227 380 4291 ¹)
401 4231 437 4281 ef.
456 4232 517 4282 Nie.
537 4229 712 4297 Handjeryus
731 4234 810 4285 Obas.
830 4235 864 4286 de
884 4236 965 4286 furtis
984 4252 1010 4300 p.
1029 4237 1062 4287 25
1080 4251 1140 4300 sqq.
1161 4235 1207 4300 qui
1226 4235 1349 4302 explieat
1367 4235 1437 4285 satis

291 4312 423 4365 habuisse
442 4314 612 4369 decemviros
631 4318 821 4382 quaestionem
846 4320 1020 4385 permittere,
1041 4319 1252 4385 prohibitionem
1272 4336 1353 4385 quarn
1372 4333 1436 4386 apes

292 4413 347 4448 non
366 4398 466 4450 fuisset
484 4403 542 4454 fore
560 4408 590 4455 ut
608 4405 752 4470 quisquam
771 4402 898 4469 auderet,
917 4419 974 4455 non
991 4405 1130 4471 tetigisse.
