3282 4992
442 303 490 353 na
511 302 696 356 nvonncnr
720 303 935 354 rsevmavn
957 303 1131 355 mancam.
1322 286 1361 356 15

213 457 364 528 Servium
380 459 518 545 Vergilii
539 461 765 548 interpretem:
795 459 850 546 qui
873 459 960 546 quod
983 459 1026 524 ad
1040 461 1124 525 Aen.
1141 457 1211 525 XII
1227 459 1289 524 606
1304 457 1360 523 ad·
1449 513 1456 516 .

214 573 310 631 notat
327 573 458 628 ‘cautum
471 569 537 640 lene
551 565 623 625 XII
634 567 818 642 tabularum,
841 583 878 626 ne
899 561 1037 626 mulieres
1057 574 1218 642 carperent
1235 567 1360 644 scriem,

213 673 260 731 lrr's
274 670 370 730 verat
392 670 523 728 “mulier
539 668 653 740 faciem
673 685 711 727 ne
730 671 881 743 carpito'',
907 661 1014 747 legem
1038 663 1079 728 de
1105 687 1164 728 suo
1190 664 1301 730 fictam
1327 665 1361 728 in

214 767 322 833 locum
336 769 498 853 genuinae
514 766 688 832 substituit
703 787 723 830 a
738 765 896 830 Cicerone
908 763 1046 851 aliisque
1058 765 1200 830 traditae
1212 771 1362 831 ‘muliare

211 891 307 950 qenes
320 891 359 935 ne
373 875 516 934 redento’
534 867 583 952 (X
596 869 648 951 4):
669 867 763 933 ouius
780 867 930 933 licentiae
946 867 1035 953 apud
1049 867 1188 932 eundem
1203 868 1270 934 alia
1284 889 1361 955 qno

217 996 280 1060 que
294 980 426 1060 praesto
442 980 518 1036 sunt
531 970 665 1036 indicia.

298 1074 361 1139 His
382 1095 460 1139 vero
482 1073 634 1140 omnibus
656 1071 872 1138 consideratis
896 1070 1007 1158 ecquis
1027 1070 1094 1134 iam
1115 1072 1259 1155 dubitet,
1282 1074 1362 1159 quin

215 1196 392 1263 numquam
414 1175 562 1246 extiterit
581 1195 719 1238 aeneum
739 1172 822 1238 illud
843 1173 930 1260 quod
950 1173 1057 1238 fertur
1076 1182 1153 1260 post
1172 1175 1361 1240 incendium

217 1280 381 1345 Gallicum
402 1279 590 1342 restitutum
610 1275 682 1342 XII
703 1274 890 1340 tabularum
910 1275 1137 1363 exemplar?¹)
1183 1277 1248 1357 Qui
1275 1277 1361 1342 enim

216 1381 286 1446 fieri
307 1382 431 1468 potuit,
458 1388 495 1444 ut
515 1388 564 1444 tot
583 1377 637 1444 vel
658 1378 782 1444 abusus
802 1378 855 1443 vel
871 1399 996 1442 errores
1012 1368 1308 1461 committerentur,
1333 1380 1362 1443 si

203 1480 308 1570 ipsae
330 1480 463 1547 tabulae
476 1479 692 1547 -venerandae
707 1480 915 1567 antiquitatis
931 1479 1062 1568 publice
1075 1483 1110 1545 in
1127 1481 1199 1545 foro
1215 1481 1361 1568 proposi

215 1592 269 1646 tae
284 1582 500 1665 mansissent,
522 1581 652 1669 quibus'
661 1581 716 1652 vel
736 1583 872 1647 minima
887 1582 1110 1669 discrepantia
1124 1585 1236 1647 statim
1249 1582 1361 1647 redor-

217 1685 393 1767 gueretur?
424 1685 528 1750 Immo
543 1683 776 1769 grammaticos
791 1694 937 1768 veteres,
959 1707 1096 1772 quorum
1116 1683 1248 1771 quidem
1263 1684 1360 1772 pluri-

215 1807 305 1850 mum
320 1785 507 1867 interesset,
523 1795 561 1850 ut
575 1785 618 1850 ad
632 1787 806 1872 pristinam
822 1787 902 1872 legis
916 1787 1069 1869 formam,
1086 1787 1196 1875 quoad
1208 1789 1278 1854 eius
1290 1787 1361 1851 fieri

215 1897 345 1974 posset,
369 1885 544 1971 redirent„
554 1911 598 1954 ex
618 1889 698 1975 ipsis
714 1889 910 1974 fragmentis
926 1899 1055 1954 constat
1070 1891 1199 1954 utinen
1213 1890 1360 1976 potuisse

213 1990 279 2064 nisi
300 1988 459 2076 exemplis
480 1991 583 2055 multo
604 1992 842 2057 recentioribus
864 1992 1046 2078 etantiquo
1062 1992 1170 2057 colore
1185 1997 1307 2077 ma'gna
1320 2013 1363 2057 ex

213 2103 309 2180 parte
330 2093 470 2180 privatis
491 2103 525 2158 et
546 2092 780 2158 additamentis
800 2094 866 2158 iam
890 2103 958 2158 tum
979 2094 1079 2158 semel
1101 2095 1233 2182 saepius
1248 2095 1362 2182 ampli·

214 2194 334 2260 tieatis.
529 2265 533 2272 ,

301 2297 405 2384 Atqui
429 2297 530 2364 salvis
551 2296 640 2363 hisce
661 2296 763 2364 nihilo
785 2300 892 2363 minus
913 2296 1107 2362 contendere
1128 2297 1234 2362 ausim
1258 2297 1361 2364 fuisse

216 2397 397 2486 aliquando
419 2411 517 2487 atque
538 2399 622 2467 adeo
643 2400 757 2487 quinto
772 2411 854 2490 vpost
876 2399 1041 2486 Christum
1062 2400 1192 2465 saeculo
1213 2400 1362 2466 extitisse

214 2501 299 2586 legis
320 2502 490 2588 exemplar
517 2503 552 2566 in
578 2524 633 2566 aes
661 2503 801 2568 incisum
820 2541 864 2550 -
884 2523 1081 2590 quamquam
1102 2502 1137 2567 id
1157 2524 1217 2567 nee
1237 2501 1362 2567 Romae
1387 2567 1393 2582 ,

215 2605 420 2690 proposItum
434 2625 496 2669 nec
510 2613 675 2670 vetustate
689 2604 828 2689 insigne.
853 2606 963 2670 Verba
979 2615 1056 2670 sunt
1068 2605 1101 2669 S.
1116 2603 1274 2690 Cypriani
1284 2604 1361 2669 Oar-

214 2705 434 2790 thaginiensis
442 2706 674 2794 inepitulaad
683 2707 851 2772 Donatum
860 2708 947 2772 cirea
955 2729 1113 2794 annump.
1122 2706 1200 2771 Chr.
1208 2707 1362 2772 COXLV

215 2807 356 2893 scripta,
378 2829 442 2894 qua
462 2809 567 2874 amico
588 2829 701 2875 recens
724 2809 823 2874 fidem
843 2810 994 2897 professo
1011 2815 1058 2874 ‘ut
1071 2815 1225 2874 inlustrius
1239 2817 1363 2875 veritate

209 2913 372 2990 patefacto
387 2916 482 2976 divini
494 2920 626 2978 munais
640 2919 753 2978 indicia
765 2920 955 2985 clarescant,
973 2921 1130 2978 ‘malorum
1145 2920 1275 2992 saliciae
1289 2918 1362 2978 abs-

214 3025 297 3078 tersa
325 3019 424 3093 operti
448 3022 562 3079 saeculi
581 3019 719 3080 tenedos
737 3007 861 3080 revelot'
884 3019 923 3100 (c.
939 3015 975 3101 5)
996 3014 1045 3080 ita
1064 3016 1276 3103 pronuntiata
1296 3038 1324 3082 c.
1342 3017 1362 3080 9

216 3115 304 3202 (10):
323 3119 397 3180 ‘Sed
410 3120 540 3196 troipas
554 3124 712 3184 insidiosas
726 3125 798 3197 otas,
812 3129 879 3198 post
893 3104 1129 3198 dispensatores
1144 3129 1200 3182 tote
1215 3125 1362 3198 multipli-

215 3239 266 3284 ces
278 3237 413 3298 pugnas,
426 3231 494 3298 post
506 3229 679 3300 spectacula
694 3229 741 3287 vel
752 3233 879 3287 murata
895 3227 941 3284 oct
954 3227 1056 3300 turpia
1074 3269 1081 3286 .
1099 3270 1106 3283 .
1124 3267 1132 3286 .
1150 3224 1276 3298 .forum
1289 3225 1363 3299 sor-

220 3356 420 3368 —n—-r-r--u-—n

287 3425 306 3490 ¹)
324 3424 436 3481 Diodor.
454 3427 509 3478 XII
527 3429 560 3480 26
582 3425 649 3495 it’tt
665 3433 804 3494 γραφεῖεα
822 3426 972 3493 νομοθεεία
993 3426 1119 3493 βραχέως
1140 3428 1185 3480 καί
1201 3426 1362 3494 turdum<

215 3509 379 3576 (υγκειμὲνη
397 3510 514 3576 διέμεινε
532 3513 725 3580 θαυμαζομένη
745 3513 822 3579 μέχρι
839 3517 900 3565 τῶν
918 3514 985 3566 καθ’
1002 3513 1075 3578 ἡμᾶς
1093 3503 1198 3578 καιρῶν
1216 3529 1270 3565 non
1282 3531 1363 3581 spero

203 3593 234 3649 'a
253 3613 389 3664 quoquam
406 3597 436 3647 in
455 3605 635 3666 campartem
649 3605 794 3667 acceptum
807 3601 854 3651 Iri:
875 3601 920 3666 qni
932 3615 1043 3666 prorsus
1057 3600 1139 3651 aliter
1150 3600 1260 3652 locutus
1279 3607 1363 3666 asset,

216 3684 241 3734 si
258 3684 314 3749 ipsi
331 3683 385 3735 ΧΠ
403 3683 516 3737 tabulas
535 3701 639 3738 aeneas
662 3687 756 3738 videre
781 3686 951 3752 contigisset.
988 3685 1042 3736 Sed
1065 3685 1176 3736 contieIt
1196 3703 1267 3752 rem,
1291 3702 1361 3751 quae

129 3765 133 3774 ’
217 3789 251 3823 ex
268 3773 325 3823 ista
342 3772 471 3839 opinione
488 3789 524 3824 ne
542 3771 676 3838 explicari
694 3773 804 3837 quidem
822 3773 922 3843 possIt,
941 3771 975 3822 de
993 3774 1057 3837 ipsa
1074 3772 1232 3824 tabularum
1245 3773 1363 3823 materiis

216 3863 342 3909 veterum
360 3859 511 3910 dissensios
529 3873 598 3924 quas
618 3873 721 3910 aeneas
739 3858 836 3908 Livius
854 3857 896 3908 III
914 3859 956 3908 67.
975 3858 1090 3922 Dionys.
1106 3858 1172 3908 Hal.
1190 3857 1216 3906 X
1233 3857 1274 3908 ot.
1295 3857 1363 3910 Dio·

217 3944 300 3996 dorus
316 3945 370 3996 XII
389 3946 435 4009 26,
457 3945 574 3996 eboraca
596 3943 642 3996 vel
660 3946 684 3994 si
702 3942 874 4009 Scaligcrum
895 3944 1021 4009 sequeris
1043 3943 1173 3994 roboreos
1195 3945 1362 4010 Pomponius
1425 3939 1429 3943 ’

216 4029 282 4096 Dig.
302 4032 371 4095 1,2‚
390 4033 406 4081 2
423 4031 439 4093 ς
456 4033 474 4081 4
491 4029 612 4082 tradunt.
647 4029 680 4080 In
698 4029 796 4094 quibus
814 4029 931 4080 diversis
953 4029 1062 4081 diverso
1081 4029 1160 4080 modo
1179 4028 1362 4080 conciliandis

218 4115 321 4166 trustra
342 4116 512 4167 sudaverunt
534 4116 588 4166 viri
614 4115 702 4178 docti3
730 4115 767 4170 ef.
790 4115 910 4166 maxime
934 4115 967 4166 G.
990 4113 1193 4166 Wernsdorfius
1218 4114 1299 4167 Obsa.
1328 4115 1362 4166 de

217 4201 335 4252 materie
354 4203 411 4253 XII
429 4201 587 4252 tabularum
612 4198 805 4265 vitembergae
829 4217 873 4266 ap.
891 4201 1021 4252 Diirriurn
1045 4199 1078 4265 (s.
1098 4198 1144 4263 a).
1174 4201 1195 4250 Ι.
1215 4201 1262 4251 Fr.
1281 4200 1363 4252 Kam-

217 4290 294 4337 terus
310 4287 456 4338 vindiciae
474 4287 620 4353 Pomponii
637 4285 671 4337 de
690 4287 808 4336 materia
824 4287 880 4339 XII
898 4285 975 4337 tabb.
993 4286 1070 4352 Lips.
1090 4285 1164 4335 1⁷65.
1195 4283 1261 4337 Otto
1279 4286 1362 4338 Thes.

213 4369 259 4422 'Ill
278 4373 368 4440 praef.
386 4374 411 4424 4.
441 4373 572 4426 Osannus
591 4372 626 4424 ad
643 4371 789 4441 Pomponii
806 4372 840 4424 de
859 4376 927 4440 orig.
948 4373 1000 4422 iur.
1018 4375 1116 4438 fragm.
1134 4384 1161 4438 p.
1179 4373 1212 4424 st
1231 4386 1273 4440 sq.
