3282 4992
355 373 426 428 'nn
447 377 498 425 xu
521 377 735 427 rnnvuauvu
757 379 934 442 nunravns
957 380 1203 439 conclusurus.
1329 367 1370 432 41

225 559 254 601 e.
271 554 302 621 q.
320 543 360 598 s.’
378 542 411 599 ct
425 539 465 598 ‘si
477 537 637 596 membrum
653 540 748 613 rapit,
770 542 809 598 ni
827 555 905 598 cam
927 554 966 598 eo
976 541 1098 614 pacit,
1120 543 1191 600 talio
1212 547 1271 601 esto
1293 539 1369 621 (16.

223 638 310 702 VIII
324 636 371 720 2).
395 638 504 722 Atque
520 633 682 719 sagaciter
696 634 889 700 Huschkius
906 636 1037 702 ‘Gaius’
1054 660 1085 724 p.
1098 637 1159 700 124
1173 659 1215 702 ex
1229 637 1314 703 VIII
1332 641 1371 704 16

225 747 264 804 ‘si
273 744 388 803 radmut
399 741 485 815 sarto
501 737 537 822 (i.
553 759 581 800 e.
599 738 626 800 si
642 737 729 821 agit
745 737 786 802 dc
801 737 905 825 furto)
922 743 1003 818 qaod
1021 761 1076 803 nec
1090 743 1283 816 manifestum
1297 747 1370 804 erit’

225 842 453 929 exceptionem
469 840 511 906 ab
526 839 667 925 Ulpiano
684 848 840 905 statutam
849 889 858 923 ,
875 849 912 906 ut
926 847 1011 927 quae
1025 841 1100 927 ipsa
1115 841 1307 908 condicione
1322 853 1370 908 ta·
1460 865 1465 888 ⁴

224 947 289 1011 cito
306 940 654 1030 comprehenderetur,
671 943 849 1028 repetiit.¹)

309 1045 396 1110 Aliis
410 1045 490 1110 locis
507 1041 560 1110 vel
575 1045 680 1129 magis
696 1044 836 1112 fontium
848 1044 929 1110 tides
942 1067 1043 1133 quam
1056 1043 1121 1110 late
1131 1056 1244 1132 pateat
1254 1046 1289 1111 in
1297 1046 1370 1112 red-

52 1166 55 1172 ’
178 1197 181 1202 ·
225 1147 339 1214 dendis
362 1146 433 1212 XII
453 1146 640 1212 tabularum
660 1147 835 1229 institutis,
864 1146 1011 1213 dubitari
1036 1147 1167 1234 poterit.
1205 1148 1258 1213 Ita
1282 1148 1370 1235 quod

109 1285 111 1290 ·
223 1241 346 1316 Paulus
360 1249 406 1314 ·D.
421 1247 475 1330 43,
490 1247 521 1328 8,
536 1248 557 1312 5
572 1247 674 1312 tradit
689 1253 734 1311 ‘si
748 1238 809 1328 per
818 1253 971 1334 pubiicum
986 1257 1083 1314 iocum
1097 1256 1180 1314 riuus
1201 1271 1299 1329 aquae
1314 1256 1370 1315 du-

223 1363 287 1419 ctus
304 1357 426 1432 priuato
447 1340 574 1422 nocebit,
601 1355 659 1414 erit
681 1357 760 1416 actio
773 1358 893 1430 priuato
913 1372 954 1415 ea
972 1358 1037 1430 leue
1056 1355 1128 1415 XII
1145 1357 1315 1417 tabularum
1339 1363 1373 1417 ut

224 1473 323 1519 nouae
338 1460 456 1518 daniae
469 1461 623 1517 caueatur’
639 1473 895 1539 -quamquam
916 1453 959 1518 ad
980 1453 1092 1520 damni
1107 1453 1223 1520 infecti
1244 1455 1367 1520 cautio·

117 1607 122 1616 .
222 1577 296 1622 nem
311 1557 428 1621 referri
449 1555 721 1641 ac'separandum
737 1577 809 1618 esse
830 1556 873 1621 ab
889 1556 1015 1621 actione
1037 1576 1142 1641 aquae
1162 1554 1296 1642 pluviae
1318 1578 1368 1620 ar-

148 1692 152 1696 ·
180 1687 182 1691 ·
223 1659 347 1724 cendae
370 1657 453 1741 (VII
473 1657 527 1742 8),
554 1680 639 1744 quae
660 1656 792 1743 quidem
815 1655 855 1722 de
876 1657 1007 1744 publico
1027 1656 1098 1723 loco
1120 1679 1237 1745 parum
1258 1648 1370 1724 ualeat

223 1761 281 1848 (of.
298 1762 341 1825 D.
357 1761 411 1842 39,
427 1761 458 1842 3,
474 1760 495 1824 3
510 1763 530 1842 ἓ
545 1760 574 1824 3.
594 1759 634 1824 18
646 1760 723 1845 pr.)‚
738 1761 904 1845 persuasit
918 1757 1111 1825 Huschkius
1126 1758 1148 1823 l.
1162 1758 1183 1826 l.
1199 1782 1232 1848 p.
1245 1759 1309 1825 210
1320 1782 1368 1846 sq.

226 1903 259 1912 -
279 1862 381 1928 nihilo
397 1861 504 1926 minus
521 1859 634 1926 axilla
654 1861 729 1949 ipsa
742 1860 837 1948 quasi
858 1859 995 1926 dilatata
1015 1861 1214 1928 descendere
1233 1870 1370 1950 putave-

192 1966 197 1972 ’
221 1966 284 2030 rim
300 1987 375 2030 cum
388 1962 595 2033 Gothofredo
611 1962 688 2029 Not.
704 1985 736 2050 p.
755 1963 816 2028 180
831 1973 864 2028 et
878 1963 1045 2029 Dirkscno
1062 1987 1093 2050 p.
1107 1965 1182 2030 489.
1204 1966 1257 2030 De
1268 1963 1369 2048 ¹Insti-

222 2067 383 2132 tutionum
404 2075 513 2131 autem
535 2066 605 2131 loco
624 2066 660 2149 2,
679 2067 712 2146 1,
727 2065 767 2128 41
785 2064 868 2151 (VII
891 2065 945 2150 11)
968 2071 1131 2154 ‘Venditae
1152 2069 1221 2131 uero
1243 2071 1320 2148 (res)
1342 2077 1372 2132 et

221 2174 352 2235 traditae
367 2187 426 2232 nou
441 2174 529 2232 aliter
543 2174 670 2247 emptori
682 2173 882 2246 acquiruntur
896 2175 1026 2248 quamsi
1040 2177 1065 2232 is
1080 2173 1228 2233 uenditori
1236 2177 1368 2250 pretirtm

222 2279 342 2338 soluerit
359 2279 405 2336 uei
424 2277 486 2336 aiio
511 2275 597 2335 modo
616 2274 797 2348 satisfecerit
821 2276 911 2334 ueluti
933 2278 1151 2351 expromissore
1171 2282 1226 2337 aut
1241 2278 1370 2352 pianae
1418 2337 1422 2344 ,

222 2381 300 2453 dato.
342 2379 428 2450 duod
445 2383 569 2462 cauetur
590 2379 707 2452 quidem
729 2379 817 2436 etium
841 2379 906 2452 leae
925 2377 997 2436 XII
1012 2378 1200 2438 taeniaram’
1221 2396 1250 2438 e.
1273 2397 1304 2462 q.
1328 2371 1384 2457 s.‚‘

222 2477 410 2559 Dirksenus
432 2497 507 2546 cum
527 2476 657 2543 Ottonis
678 2475 901 2541 dubitationes
925 2475 1037 2561 (Thes.
1053 2475 1107 2541 III
1122 2475 1227 2563 praef.
1238 2475 1299 2562 21)
1321 2486 1368 2542 to-

222 2590 291 2645 tum
314 2589 581 2664 argumentum'a
595 2576 666 2641 XII
685 2575 907 2642 abiudicantis
931 2587 1131 2662 removeret,
1155 2579 1226 2666 ipse
1247 2601 1369 2664 negare

221 2705 285 2746 non
300 2681 409 2768 potuit
423 2681 520 2767 plura
534 2681 641 2746 videri
655 2681 764 2746 inesse
779 2680 844 2764 legi
862 2681 1051 2768 supposita,
1067 2679 1158 2746 velut
1173 2681 1368 2745 traditarum
1385 2703 1386 2706 ¹

222 2805 329 2848 rerum
345 2793 379 2848 et
393 2783 643 2870 expromissoris
666 2784 874 2848 mentionem.
912 2783 1013 2864 Quod
1028 2783 1116 2847 idem
1131 2782 1219 2848 haud
1242 2784 1309 2849 scio
1325 2805 1368 2847 an

221 2884 381 2972 Ulpianus
397 2885 598 2952 commiserit
612 2885 654 2950 D.
672 2885 703 2968 9,
722 2887 749 2968 1,
767 2889 783 2949 1
801 2908 850 2971 pr.
868 2885 967 2970 (VIII
982 2885 1017 2970 5)
1035 2889 1083 2950 ‘Si
1095 2891 1270 2967 quadrupes
1279 2906 1366 2966 pau-

218 2994 332 3067 periem
344 2991 455 3064 secisse
469 2991 599 3058 dicetur,⁴
609 2993 686 3051 aetio
700 3009 741 3051 ea
755 2994 820 3066 leue
834 2991 906 3051 XII
916 2991 1085 3052 tabularum
1100 2993 1269 3052 mscendt‘t:
1290 3008 1369 3066 qaae

177 3130 180 3137 ·
222 3096 272 3153 lea
294 3095 384 3153 ualuit
403 3103 457 3154 aut
476 3094 549 3152 dari
562 3093 596 3152 id
614 3094 694 3167 duod
712 3096 823 3160 nocuit,
846 3094 879 3152 id
894 3104 936 3152 est
958 3094 992 3152 id
1012 3097 1128 3154 animai
1145 3097 1227 3170 quod
1245 3097 1368 3155 noxiam

221 3198 364 3278 commisit
378 3203 431 3256 arat
447 3198 677 3257 aestimationem
692 3197 803 3255 noxiae
816 3195 957 3268 offerri’:
974 3192 1065 3256 cuius
1083 3192 1224 3277 optionis
1240 3191 1367 3256 nullum

222 3304 272 3359 est
287 3293 464 3380 vestigium
479 3293 514 3360 in
529 3295 632 3359 altero
648 3294 744 3359 huius
761 3293 925 3380 praecepti
941 3291 1031 3358 fonte
1046 3293 1128 3358 Inst.
1140 3294 1169 3374 4,
1183 3293 1260 3379 9pr.
1277 3299 1368 3380 “quae

135 3400 138 3406 ’
224 3404 369 3462 animatia
388 3404 417 3461 si
434 3401 534 3464 noxae
555 3401 720 3474 deduntur,
739 3402 903 3474 proficiant
921 3414 973 3458 reo
993 3401 1038 3458 ad
1056 3399 1275 3464 liberationem:
1296 3404 1367 3477 auia

221 3506 262 3563 ita
276 3507 328 3564 lea
342 3502 413 3562 XII
423 3504 592 3564 tabularum
606 3505 719 3579 scripta
734 3508 798 3562 est’

304 3600 374 3666 Nec
396 3602 423 3666 si
444 3600 524 3687 quid
545 3624 588 3666 ex
603 3603 668 3667 Gai
682 3602 715 3666 in
731 3601 802 3666 XII
824 3603 955 3668 tabulas
977 3602 1217 3673 commentariis
1238 3603 1367 3685 citatur,

220 3704 293 3768 ideo
309 3704 423 3768 statim
438 3705 480 3768 ad
495 3702 600 3788 legem
616 3705 837 3770 revocandum
853 3704 930 3770 erit:
954 3709 1041 3795 quod
1056 3713 1166 3772 monet
1181 3705 1254 3792 ipsa
1268 3705 1364 3769 huius

221 3805 500 3892 interpretationis
527 3809 620 3872 ratio.
658 3808 776 3893 Itaque
802 3807 843 3873 de
869 3809 979 3904 vnerbis
1006 3809 1168 3874 eir-tertio
1190 3808 1260 3872 eius
1285 3805 1369 3874 libro

220 3907 454 3992 Digamead
467 3909 529 3994 ug⁴
547 3894 665 3973 inuam
682 3909 722 3974 ae
738 3908 840 3974 adult.
857 3910 879 3973 1.
890 3911 932 3975 43
947 3912 1093 3997 reparas
1111 3917 1151 3974 nr
1162 3931 1203 3974 a
1218 3917 1300 3987 aye
1314 3929 1368 3972 re

210 4015 345 4093 *podium
359 4017 479 4076 missum
494 4031 553 4076 non
567 4017 605 4075 sit
617 4023 646 4076 et
660 4017 773 4076 idcimo
788 4008 895 4076 mulier
909 4018 1012 4077 aditae
1033 4026 1127 4100 nupta
1142 4030 1204 4076 esse
1219 4017 1364 4085 uideatur,

221 4124 318 4177 maun
332 4119 439 4192 sienis
453 4133 519 4178 eam
534 4134 659 4178 uxorem
675 4118 798 4178 decuerit
812 4119 932 4179 adulter
946 4135 1004 4178 nou
1016 4123 1074 4180 erit
1089 4163 1094 4177 .
1114 4165 1120 4178 .
1139 4163 1145 4178 .
1162 4120 1251 4192 idque
1260 4116 1368 4180 dicen-

289 4353 308 4420 ¹)
328 4353 433 4406 Contra
451 4355 562 4408 Sellium
587 4357 634 4420 qui
657 4356 790 4418 s1militer¹
804 4355 869 4406 VIII
888 4357 919 4409 19
943 4356 1085 4408 transtulit
1104 4355 1140 4407 ad
1157 4356 1196 4406 VI
1214 4358 1245 4421 2,
1269 4357 1368 4408 merito

220 4439 328 4493 refellit
345 4439 501 4494 Rudorlfius
519 4443 549 4493 ln
567 4440 667 4494 Annal.
685 4441 735 4494 iur.
756 4439 854 4494 scient.
874 4441 970 4497 histor.
988 4441 1054 4496 XIV
1072 4441 1121 4494 461
1140 4455 1180 4508 sq.
1261 4457 1263 4461 ·
