3282 4992
495 1276 498 1284 .
546 1216 717 1294 aaron
744 1217 956 1314 rainu-u.

234 1409 237 1415 ’
275 1441 336 1534 on
365 1439 622 1536 'nvoouuu
656 1439 959 1595 insinuaut
992 1439 1221 1558 nunonis.

263 1697 336 1762 Lex
358 1695 530 1760 duodecim
557 1693 743 1761 tabularum
769 1718 789 1760 a
810 1695 1007 1762 decemviris
1029 1719 1058 1761 a.
1079 1719 1112 1760 u.
1135 1684 1273 1760 0001ss
1294 1704 1327 1760 et

180 1795 313 1864 OOOIV
334 1796 481 1878 condita,
504 1819 533 1862 a.
551 1795 666 1863 OCOV
687 1798 726 1862 L.
742 1797 877 1864 Valerio
899 1799 944 1864 M.
966 1795 1109 1864 Horatio
1128 1819 1194 1863 cos.
1216 1797 1250 1861 in
1272 1799 1327 1860 aes

14 1937 18 1946 ·
58 1985 59 1988 Ἴ
179 1898 285 1964 incisa
302 1897 434 1984 publice
454 1901 623 1986 proposita
643 1911 693 1998 est
714 1899 844 1984 (Livius
860 1901 914 1988 ΙΙΙ
932 1901 983 1980 57,
1002 1901 1051 1965 10.
1073 1900 1242 1966 Diodorus
1258 1898 1329 1962 XII

176 2001 248 2086 26).
286 1999 351 2066 Sed
374 2010 449 2086 post
469 2023 571 2068 annos
594 2002 768 2086 sexaginta
796 2011 892 2089 oapta
915 2025 934 2067 a
955 2001 1063 2068 Gallis
1087 2003 1170 2068 urbo
1196 1995 1328 2066 tabulae

181 2125 302 2168 aeneae
319 2103 389 2168 sive
405 2102 556 2184 incendio
572 2103 767 2190 absumptae
782 2104 853 2168 sive
865 2105 951 2170 inter
966 2103 1123 2190 praedam
1140 2110 1329 2188 asportatae
1441 2187 1443 2190 ι

179 2207 391 2272 interierunt:
419 2226 524 2291 neque
546 2205 633 2270 enim
652 2204 721 2295 alia
746 2206 811 2270 dici
832 2213 942 2292 potest
962 2205 1051 2272 Livii
1073 2227 1145 2270 esse
1166 2205 1330 2268 sententia

181 2307 244 2372 etsi
265 2307 408 2385 iustoea
424 2307 559 2372 brevius
576 2329 736 2394 expressa
748 2308 858 2373 verbis
874 2308 964 2372 hisce
979 2306 1029 2372 VI
1047 2307 1076 2388 1,
1092 2307 1112 2370 9
1127 2328 1176 2391 sq.
1199 2309 1254 2370 ‘Hi
1269 2303 1329 2390 (so.

182 2409 307 2474 tribuni
322 2407 510 2474 consideres
527 2417 722 2497 recuperata
738 2411 820 2475 urbe
835 2409 952 2497 oresti)
1046 2415 1130 2478 natta
1146 2413 1183 2472 de
1197 2429 1231 2472 re
1240 2413 1331 2488 prius
1451 2398 1453 2404 ’

178 2532 273 2590 quam
290 2513 328 2574 de
342 2516 536 2588 reltqiom'bus
551 2525 685 2576 senatum
700 2519 884 2578 consuluere.
914 2515 953 2576 Io
966 2518 1073 2592 primis
1084 2515 1216 2588 foedera
1231 2530 1269 2574 aa
1283 2517 1331 2573 le-

181 2635 234 2693 qes
253 2651 288 2662 -
306 2623 395 2678 erant
409 2625 508 2677 autem
528 2635 583 2678 eae
603 2619 759 2679 duodecim
781 2619 900 2678 tabulae
919 2625 948 2678 et
967 2618 1114 2693 quaedam
1128 2619 1232 2691 reniae
1252 2618 1331 2690 repes

7 2735 16 2744 ‘
68 2725 69 2731 ’
130 2731 132 2736 ’
185 2753 223 2764 -
239 2721 378 2794 conquiri
390 2737 467 2796 qaue
481 2729 683 2804 conpararent
696 2716 904 2802 iusserunt&
921 2715 963 2782 of.
980 2719 999 2798 ᾗ
1014 2715 1044 2780 2.
1072 2714 1234 2810 Nimirum
1249 2713 1330 2799 ipsis

183 2816 306 2883 tabulis
328 2817 509 2904 deperditis
530 2821 681 2906 exempla
700 2819 754 2883 hio
775 2818 842 2884 illio
869 2830 1001 2884 servata
1027 2815 1212 2902 colligenda
1239 2837 1331 2880 oura-

183 2928 273 3001 runt,
295 2919 413 3008 quibus
436 2919 478 2983 ad
499 2920 760 3007 pervulgandam
781 2920 888 3006 legem
911 2929 1091 2986 uterentur.
1126 2918 1230 3004 Atqui
1256 2916 1333 2980 hino

183 3044 249 3086 non
265 3020 412 3106 sequitur
428 3022 515 3108 quod
531 3025 629 3108 vulgo
646 3023 801 3108 occupari
815 3023 911 3089 video
934 3044 1053 3086 aeneas
1076 3021 1180 3086 denuo
1201 3019 1352 3088 satietas·
1406 3047 1409 3054 ·

96 3117 99 3123 ’
186 3145 258 3188 esse
272 3122 344 3186 XII
359 3123 504 3189 tabulas:
526 3124 562 3189 id
583 3125 674 3211 quod
693 3147 753 3190 neo
773 3124 876 3190 tradit
889 3123 1005 3189 Livius
1026 3145 1086 3188 neo
1101 3123 1243 3186 sensisse
1258 3141 1333 3186 eum

187 3225 297 3309 arguit
310 3224 423 3290 innota
437 3247 510 3290 oum
525 3227 596 3292 XII
610 3225 731 3294 tabulis
747 3225 857 3314 legum
877 3227 1040 3310 regiarum
1063 3225 1196 3290 mentio.
1226 3224 1332 3288 Immo

188 3325 277 3412 quod
297 3326 409 3391 statim
430 3326 524 3392 addit
546 3333 621 3394 ‘olio
642 3351 682 3394 ex
704 3335 746 3394 eis
769 3333 1007 3394 edita-ettam
1027 3334 1067 3392 ia
1090 3333 1236 3406 volqua·
1257 3345 1335 3406 quoe

7 3473 22 3491 ,
70 3468 71 3474 1
186 3443 285 3493 autem
300 3434 342 3492 od
355 3449 446 3494 sacro
456 3436 662 3510 pertinebant,
680 3452 699 3495 a
711 3437 899 3512 pontificibus
913 3421 1060 3508 maxime,
1076 3441 1108 3494 ut
1121 3434 1266 3508 reliqe'one
1280 3431 1334 3491 od-
1388 3500 1392 3506 ,
1468 3495 1473 3501 ,

185 3537 301 3596 strictos
312 3535 456 3596 deberent
466 3537 660 3598 multitudinis
674 3540 797 3614 animos,
806 3533 984 3614 'suppresso'
999 3571 1043 3580 -
1056 3532 1175 3619 quibus
1188 3529 1336 3618 apprime

188 3634 342 3714 convenit
357 3634 444 3721 quod
456 3634 568 3700 Cicero
584 3635 627 3700 ad
639 3637 710 3711 Att.
722 3635 773 3701 VI
788 3637 816 3717 1,
829 3635 849 3701 8
865 3658 907 3700 ex
923 3633 1214 3725 annalistisrefert
1229 3631 1335 3698 oooul-

188 3745 290 3800 tatam
306 3735 407 3800 fuisse
424 3738 568 3826 quodam
583 3747 730 3826 tempore
746 3760 819 3803 eam
834 3737 982 3803 tabulam
994 3759 1087 3825 quae
1108 3737 1214 3802 fastos
1237 3735 1335 3800 conti·

189 3847 279 3904 neret
294 3861 315 3903 a
330 3837 390 3902 Cn.
404 3837 521 3904 Flavio
537 3849 651 3926 postea
665 3841 812 3926 prolatos
824 3839 867 3926 2);
886 3841 933 3906 eis
948 3841 1094 3906 maxime
1110 3838 1151 3904 de
1166 3835 1337 3926 publicata
1428 3882 1430 3887 -

192 3977 395 3988 ———-——--

256 4061 277 4129 1)
295 4064 369 4114 Hine
389 4067 481 4114 autem
499 4078 551 4129 quo
570 4065 629 4115 iure
649 4065 734 4116 etiam
747 4066 916 4117 eontrarium
929 4065 1003 4117 e'ffioi
1015 4079 1095 4132 posse
1109 4066 1214 4116 statuat
1226 4060 1338 4112 Puehta

41 4171 46 4176 ·
75 4193 97 4205 ,,
189 4144 279 4198 Instit.
298 4145 441 4214 15551).
460 4150 521 4212 192,
541 4165 596 4200 non
613 4149 703 4204 video.

256 4232 278 4298 ι)
296 4233 357 4284 Non
376 4238 418 4284 est
436 4233 523 4299 igitur
540 4249 589 4284 eur
607 4234 642 4284 ad
660 4235 753 4301 regias
771 4239 878 4286 tantum
901 4237 980 4302 leges
998 4235 1074 4286 Livii
1095 4233 1183 4286 verbe
1207 4245 1267 4282 oum
1290 4245 1339 4284 no-

188 4318 302 4370 vissimo
321 4318 427 4369 editore
445 4320 561 4371 referas.
596 4320 638 4371 Ne
657 4336 691 4370 ex
710 4320 853 4370 Ciceronis
878 4321 987 4386 quidem
1010 4321 1073 4373 loco
1097 4317 1173 4370 atiud
1191 4317 1340 4382 quidquam

77 4469 78 4473 Ἰ
190 4403 340 4454 concludes
358 4405 413 4454 nisi
431 4404 460 4454 in
478 4404 611 4471 exemplis
631 4388 712 4456 editis
731 4407 846 4474 primum
867 4406 994 4458 eonsulto
1012 4409 1127 4458 omissos
1146 4404 1341 4454 fuisse.fastoe
1364 4467 1367 4474 Ι

241 4495 363 4547 Schoell,
384 4495 449 4546 Legis
463 4495 502 4540 ΧΠ
517 4497 562 4538 tao.
577 4495 639 4548 reliq.
1084 4499 1088 4505 '
1121 4489 1137 4554 l
