3282 4992
343 291 391 336 nn
414 289 464 336 xu
488 289 701 338 raavcaavn
724 291 900 352 namqvus
923 291 1210 344 consrrrvaums.
1305 281 1345 345 73

289 442 398 528 Atque
414 443 475 508 hoc
490 443 647 509 ab'initio
667 439 865 510 monendum
885 455 1016 511 estnon
1037 446 1072 511 id
1092 470 1152 513 nos
1175 471 1287 534 agere,
1311 459 1346 514 ut

204 551 367 609 vetustam
393 543 475 630 legis
502 545 640 612 formam
665 545 770 632 qualis
795 545 896 612 fuerit
923 571 944 612 a
965 549 1159 616 decemviris
1185 551 1344 636 profecta,

203 647 298 737 ranis
319 647 516 714 coniecturis
538 671 728 714 revocemus
750 688 791 697 —
811 671 916 735 neque
941 652 1026 716 enim
1047 651 1185 716 aliorum
1210 662 1346 738 peccata

103 739 126 802 ¹-
203 756 350 835 repetere
365 749 421 814 vel
436 771 554 836 augam
570 753 662 819 iuvat
680 791 714 799 —
733 774 793 816 nec
806 763 843 818 ut
859 753 968 818 omnia
983 755 1068 819 inter
1080 776 1114 818 se
1126 775 1344 842 exaequemus

204 851 324 916 similia
340 846 491 916 similiter
505 852 694 938 formand03
717 855 774 918 sed
790 864 826 919 ut
846 855 928 940 legis
944 857 1045 921 verba
1061 855 1170 943 qualia
1185 877 1344 946 gramma-

203 953 261 1018 tici
275 951 324 1016 illi
341 962 373 1019 et
387 953 583 1042 interpretes
599 956 742 1044 antiqui,
764 957 882 1042 quibus
898 956 1054 1023 debemus
1076 959 1279 1044 fragmenta,
1300 958 1344 1024 le-

202 1057 325 1140 gerint,
353 1057 591 1122 constituamus
616 1057 704 1123 haud
731 1080 823 1148 secus
850 1068 946 1146 atque
971 1059 1148 1125 Homerica
1174 1060 1286 1125 studia
1310 1059 1345 1125 id

201 1180 287 1236 nunc
307 1157 450 1223 maxime
471 1168 654 1243 sectantur,
676 1169 713 1225 ut
733 1170 827 1226 vetus
849 1161 944 1249 quale
959 1161 1195 1228 Alexandrinis
1215 1183 1344 1249 compa·

201 1260 304 1324 ruerit
318 1261 499 1325 carminum
514 1262 680 1349 exemplar
695 1263 867 1349 refingant.
898 1264 973 1348 Qua
992 1265 1026 1328 in
1041 1286 1076 1329 re
1097 1265 1124 1328 si
1140 1263 1219 1351 quid
1234 1286 1254 1329 a
1269 1285 1343 1330 eon·

202 1363 302 1426 stanti
317 1385 380 1427 usu
395 1385 437 1428 ex
451 1363 710 1450 fragmentorum
726 1376 902 1453 conspectu
924 1368 1099 1434 observato
1120 1365 1343 1432 defensionem
1416 1396 1418 1400 ·

201 1487 267 1530 non
282 1464 432 1546 habebit,
455 1466 490 1530 id
511 1476 637 1532 mutere
658 1466 711 1534 vel
732 1479 846 1535 contra
866 1469 1008 1535 fontimn
1028 1469 1257 1534 auctoritatem
1278 1489 1343 1533 non

199 1566 442 1654 dubitabimus,
464 1571 697 1658 descriptoris
719 1573 790 1656 sive
813 1571 914 1636 errori
936 1573 1007 1637 sive
1026 1571 1249 1657 neglegentiae
1269 1569 1342 1658 plus

199 1669 383 1734 tribuamus
398 1692 496 1757 quam
511 1673 559 1736 rei
575 1673 707 1738 veritati
723 1696 761 1738 ac
777 1674 989 1760 simplicitati.
1026 1675 1072 1738 At
1087 1675 1173 1738 enim
1188 1675 1341 1741 continuo

200 1771 452 1840 discernendum
466 1783 539 1856 est,
561 1775 640 1860 quid
668 1775 733 1861 legi
753 1777 928 1858 debeatur,
952 1775 1031 1863 quid
1058 1775 1226 1862 scriptori:
1256 1776 1343 1862 quod

200 1897 276 1940 cum
301 1876 337 1939 in
361 1875 558 1962 quibusdam
584 1887 672 1943 certo
694 1879 828 1943 definire
849 1901 925 1943 sane
945 1877 1164 1964 periculosum
1188 1887 1252 1960 est,
1274 1887 1343 1945 tum

199 1976 358 2043 confundi
373 1973 457 2043 iusto
474 1981 603 2066 saepius
619 1981 726 2046 video.
743 1980 830 2046 Nam
844 1981 917 2068 quis
933 2002 975 2045 ex
990 1978 1061 2043 XII
1075 1977 1262 2046 tabularum
1277 2002 1343 2045 non

199 2089 270 2148 tam
290 2080 400 2146 verbis
423 2102 521 2166 quam
541 2083 706 2147 sententia
727 2105 747 2146 a
764 2081 868 2148 Paulo
889 2081 1013 2147 tradita
1035 2079 1132 2166 (0011.
1154 2081 1228 2147 1.ss
1248 2081 1286 2167 5,
1306 2079 1342 2166 5)

200 2187 267 2262 ‘qai
285 2188 428 2248 iniuriam
453 2190 545 2250 ultori
560 2188 654 2264 facit,
676 2191 805 2268 quinque
825 2198 854 2250 et
874 2191 980 2264 viciati
997 2190 1197 2248 sestertiorum
1211 2203 1343 2264 poenam

198 2287 287 2350 sudit'
302 2284 383 2350 haec
397 2283 522 2350 efficiat
535 2308 609 2351 cum
616 2287 788 2351 Huschkio
805 2293 870 2366 ‘qui
882 2293 1025 2366 iniuriam
1037 2290 1132 2366 suxit,
1148 2292 1240 2350 alteri
1251 2292 1342 2365 qain-

199 2407 256 2464 quc
270 2398 301 2450 et
312 2394 527 2472 oiaiotipoenn
541 2395 653 2469 samm,
675 2411 739 2454 non
761 2388 816 2453 ille
837 2390 1019 2471 veriturus,
1041 2410 1082 2452 ne
1102 2388 1171 2455 vim
1190 2385 1342 2455 intulisse

199 2489 303 2562 Paulo
318 2489 545 2572 insimuletur?
575 2491 685 2578 Atque
698 2490 859 2556 eiusmodi
874 2490 969 2577 plura
985 2491 1101 2556 afferre
1115 2491 1249 2577 possim.
1385 2571 1392 2577 ι

285 2592 373 2674 lam,
389 2602 427 2656 ut
442 2592 485 2657 ad
505 2615 574 2674 rem
589 2595 695 2680 ipsam
715 2616 767 2684 me
789 2604 995 2676 convertam,
1018 2593 1109 2658 rudis
1131 2592 1239 2658 adhue
1260 2591 1341 2677 legis
1458 2587 1462 2595 ’

199 2695 381 2782 antiquitas
402 2695 437 2760 in
461 2683 656 2780 fragmentis
679 2705 811 2792 servata
836 2696 1005 2783 inprimis
1032 2695 1111 2760 inde
1136 2695 1341 2777 aestimatur,

198 2797 287 2885 quod
307 2807 419 2862 certa
440 2819 640 2884 personae
659 2798 921 2884 significatio
930 2797 1089 2880 ,etiamsi
1111 2797 1342 2864 subiecto-mu·

198 2909 268 2966 tato
284 2901 455 2966 obscurior
477 2901 598 2966 evadat
614 2900 790 2983 sententia,
814 2909 1051 2968 constanter
1074 2901 1207 2967 omitti
1228 2897 1340 2964 solet.

199 3003 370 3086 Quaeres
396 3011 432 3066 ut
462 3023 505 3066 ex
530 3002 671 3089 simplici
697 3001 826 3068 illorum
853 3013 1037 3088 temporum
1061 3013 1094 3069 et
1120 3001 1283 3067 sentiendi
1311 3010 1343 3066 et

198 3105 352 3192 loquendi
367 3105 494 3170 ratione
508 3104 658 3190 profecta
673 3115 738 3188 est,
761 3106 809 3169 ita
828 3105 1003 3170 coniuncta
1023 3104 1087 3169 fuit
1107 3127 1181 3169 cum
1202 3102 1342 3167 admira-

197 3207 258 3273 bili
282 3205 339 3272 illo
366 3229 404 3271 ac
429 3229 507 3272 vere
533 3206 681 3272 Romano
707 3207 882 3272 brevitatis
910 3207 1036 3288 studio,
1068 3227 1131 3292 quo
1164 3203 1343 3270 decemviri

197 3309 336 3375 abiectis
362 3309 513 3392 omnibus
519 3357 529 3391 ,
548 3302 638 3394 ¹quae
659 3309 734 3373 usui
753 3331 819 3375 non
844 3330 915 3372 esse
940 3307 1144 3388 viderentur,
1168 3306 1204 3370 id
1227 3328 1342 3390 unum,

198 3411 287 3498 quod
302 3433 372 3476 rem
386 3393 600 3498 caussamque
620 3414 762 3476 maxime
783 3411 981 3493 contineret,
1003 3416 1246 3497 expresserunt.
1275 3408 1341 3472 Res

198 3523 251 3580 est
271 3522 351 3580 nota
368 3536 475 3601 neque
497 3513 611 3600 digna,
635 3536 718 3601 quae
738 3512 897 3599 exemplis
919 3510 1110 3598 singillatim
1132 3511 1340 3598 explanetur:

197 3638 283 3703 quae
297 3615 430 3702 quidem
446 3625 478 3680 et
491 3615 558 3681 late
573 3625 685 3702 pateat
699 3638 759 3702 per
769 3614 850 3680 haec
864 3615 1051 3700 fragmenta
1063 3624 1095 3680 et
1106 3613 1179 3680 aliis
1191 3622 1342 3679 veterum

196 3717 307 3803 legum
325 3717 524 3783 testimoniis
536 3718 562 3804 ¹)
584 3719 762 3804 conspicua
782 3740 821 3782 ac
835 3739 883 3792 ‚ne
903 3739 923 3780 a
944 3716 1079 3784 Catonis
1102 3716 1235 3803 quidem
1263 3715 1341 3778 scri-

196 3819 298 3885 bendi
312 3841 431 3902 genere
446 3819 555 3886 aliena
569 3820 652 3904 sit.²)
672 3819 727 3886 Ab
738 3819 801 3886 hoe
813 3829 923 3884 autem
938 3841 1000 3883 usu
1015 3841 1100 3906 quae
1115 3817 1282 3907 recedunt,
1294 3815 1341 3882 eis

197 3995 402 4004 ψ..-

125 4146 129 4154 ,
267 4093 288 4162 ¹)
308 4096 344 4149 ef.
363 4098 408 4148 lex
426 4095 459 4147 de
477 4095 668 4162 perduellione
685 4095 782 4146 Livius
800 4095 813 4146 I
831 4097 874 4159 26,
892 4097 916 4145 6.
940 4095 1032 4160 Leges
1050 4096 1145 4159 regiae
1163 4108 1207 4157 ap.
1220 4091 1341 4143 Plinium

198 4179 260 4230 XIV
280 4184 320 4244 12,
340 4184 382 4233 88,
401 4183 516 4231 Festum
534 4198 560 4246 p.
580 4183 628 4232 178
646 4197 671 4234 v.
691 4182 834 4232 occisum·

265 4265 287 4332 ²)
312 4267 347 4318 cf.
371 4266 445 4318 der.
470 4283 491 4317 r.
514 4267 537 4316 5.
564 4267 676 4317 ‘Vilicus
698 4268 722 4316 si
744 4270 811 4318 nolet
835 4269 897 4316 orale
919 4268 1017 4331 facere,
1041 4282 1091 4318 noo
1111 4265 1206 4328 faciet’
1231 4263 1280 4327 (sc.
1299 4263 1342 4314 t'a·

197 4347 286 4418 milia)
305 4351 341 4402 al.
