3282 4970
275 289 335 354 102
691 303 804 350 curva
828 301 1006 363 sturvu.

273 459 315 525 de
329 457 452 524 Enunt.
470 457 486 522 I
502 457 601 523 96.-
617 455 683 522 Sed
697 454 859 542 gravioris
875 453 986 522 mendi
1001 454 1141 542 suspitio
1156 464 1206 521 est
1220 455 1255 520 in
1270 455 1418 522 membro

273 561 361 647 quod
376 561 526 647 proxime
541 560 687 645 iungitur
703 565 782 622 ‘cum
792 568 941 638 perorant
955 562 1040 622 amco
1052 565 1249 638 praesenter:
1263 580 1329 645 qua
1339 566 1418 623 tem-

273 662 362 750 poris
374 660 618 750 significatione
636 669 804 747 tamquam
824 661 860 725 in
879 672 1071 728 transcursu
1091 659 1215 726 inserte
1230 671 1263 727 et
1285 659 1368 746 legis
1383 660 1418 725 in

274 763 445 829 sententiis
466 763 649 850 pangendis
670 761 864 850 simplicitas
889 770 924 828 et
942 763 1017 848 ipsa
1041 763 1089 828 rei
1115 763 1238 828 veritas
1265 761 1418 828 violatu.

273 865 399 953 Nempe
424 866 568 953 insequi,
594 887 661 931 non
685 866 837 951 prosequi
862 885 998 930 caussae
1027 864 1263 930 coniectionem
1292 862 1420 931 solebat

273 968 451 1054 peroratio,
466 966 501 1031 in
515 988 619 1054 eaque
634 967 732 1032 cardo
747 967 848 1033 totius
864 965 1001 1032 actionis
1017 966 1141 1054 positus
1156 966 1237 1033 fuit:
1255 967 1297 1031 cf.
1315 966 1418 1033 Gaius

273 1068 324 1134 IV
341 1069 381 1134 15
396 1073 524 1134 ‘Deinde
537 1089 605 1134 eum
619 1074 663 1134 ad
675 1075 802 1134 iudicem
817 1080 975 1147 veneant,
991 1079 1077 1153 ante
1096 1089 1202 1149 quum
1222 1073 1324 1149 apud
1343 1089 1419 1133 eum
1461 1131 1463 1136 ,

273 1189 426 1236 causam
443 1181 686 1252 perorarent,
709 1177 843 1252 solebant
860 1176 987 1236 ueniter
1008 1177 1085 1237 etet
1104 1177 1191 1251 quasi
1211 1191 1272 1251 per
1291 1175 1419 1236 indicem

274 1294 338 1338 rem
352 1293 516 1354 exponere,
532 1294 611 1353 quoe
626 1267 781 1339 dicebatur
794 1293 906 1340 causae
920 1280 1060 1340 correctio
1076 1274 1221 1360 (collectio
1231 1273 1319 1358 cod.)
1334 1279 1422 1351 quasi

273 1395 385 1441 causae
398 1396 471 1440 suae
482 1383 514 1440 iu
530 1381 763 1441 breve'couctr'oss
778 1415 813 1424 -
829 1376 1037 1464 Quamquam
1048 1376 1239 1462 neutiquam
1255 1374 1420 1440 satisfacit

274 1476 420 1544 violenta
437 1476 596 1564 Scaligeri
614 1476 742 1543 medela
761 1479 862 1543 etiam
883 1478 925 1544 ab
940 1480 1061 1545 Ursino
1076 1477 1190 1566 Lipsio
1204 1477 1350 1544 Funcoio
1365 1499 1418 1542 re-

274 1588 387 1666 cepta,
414 1603 479 1668 qua
504 1587 609 1646 totum
635 1579 818 1646 membrum
843 1582 986 1647 resecuit
1015 1591 1113 1668 atque
1141 1600 1201 1667 pro
1232 1585 1419 1659 ‘praesenti’
1459 1635 1462 1639 .

275 1679 394 1747 deinde
409 1682 583 1749 substituit
597 1687 814 1762 ‘praesentibus
828 1687 987 1748 ambobus?
1016 1684 1085 1749 Nec
1099 1682 1216 1748 melius
1238 1681 1287 1746 rei
1306 1703 1327 1746 a
1342 1679 1419 1747 Cos·

273 1805 369 1849 mano
397 1783 583 1850 consultum
610 1795 661 1851 est
685 1785 741 1871 qui
765 1807 807 1850 ex
832 1785 1003 1873 temporali
1028 1784 1201 1852 relativam
1223 1784 1420 1850 sententiam

273 1884 435 1952 reddidit:
463 1893 573 1966 ‘quum
593 1897 743 1968 perorem
767 1908 796 1951 a.
821 1894 866 1967 p.’
904 1888 980 1977 Ipse
1009 1889 1112 1973 igitur
1139 1908 1215 1952 cum
1244 1884 1420 1973 aliquando
1518 1893 1523 1902 '

274 1997 487 2075 temptassem
511 1995 625 2054 ‘coram
648 2001 812 2071 perorante
832 1994 917 2055 umbo
932 1998 990 2072 p.',
1009 1990 1076 2056 iam
1096 1988 1313 2055 libentissime
1339 1987 1420 2054 cedo

273 2089 412 2175 Bergkii
427 2092 569 2156 acumini
590 2113 654 2178 quo
674 2103 754 2179 puto
774 2093 811 2159 id
833 2093 944 2181 ipsum
964 2091 1051 2181 quod
1071 2089 1240 2178 flagitatur
1261 2091 1332 2156 sine
1353 2088 1420 2156 ullo

272 2191 422 2258 lectionis
446 2192 588 2259 traditae
611 2193 806 2261 detrimento
821 2196 1011 2260 restitutum
1026 2215 1113 2260 esse:
1131 2198 1224 2258 ‘com
1234 2198 1418 2273 perorante

275 2293 375 2380 (Mus.
391 2294 441 2359 rh.
457 2295 512 2383 ph.
528 2296 616 2361 XIX
631 2297 693 2362 605
708 2297 783 2383 sq.).
820 2297 906 2362 Nam
927 2296 1017 2383 quod
1036 2295 1107 2384 ipse
1129 2295 1234 2362 voluit
1253 2295 1431 2384 Berglrius¹

275 2407 424 2478 ‘comque
435 2406 566 2477 peror.’:
580 2398 697 2486 copula
711 2397 801 2464 haud
816 2407 953 2484 gravate
973 2397 1155 2463 carebimus
1177 2398 1212 2461 in
1226 2397 1298 2483 lege
1306 2447 1315 2480 ‚
1336 2419 1421 2485 quae

275 2499 436 2586 asyndeta
450 2499 585 2566 minime
600 2501 770 2589 spreverit.
810 2508 896 2566 ‘eom’
919 2509 1029 2565 autem
1050 2507 1183 2566 vetusta
1202 2499 1309 2564 forma
1317 2499 1341 2586 ¹)
1362 2522 1422 2586 per

275 2623 311 2667 se
325 2602 434 2688 posita
447 2612 485 2668 ut
500 2602 704 2670 Graecorum
719 2605 776 2671 cdv
791 2641 833 2652 -
848 2603 890 2668 cf.
907 2603 942 2668 in
957 2601 1075 2690 Gyrilli
1090 2602 1144 2669 el.
1160 2603 1234 2679 ‘Jeou
1250 2602 1348 2684 ciust,
1365 2598 1440 2666 et·

273 2703 381 2771 Labb.
403 2709 478 2769 ‘con
500 2714 530 2769 et
547 2725 614 2769 cum
636 2705 719 2771 criv'
741 2706 941 2791 -apprime
966 2704 1122 2770 convenit
1141 2703 1213 2769 XII
1233 2702 1421 2770 tabularum

274 2805 475 2892 antiquitati.
723 2893 725 2898 Ι

360 2907 501 2973 Omnino
528 2917 638 2974 autem
661 2893 982 2996 praepositiones'in
1008 2908 1081 2995 lege
1107 2909 1276 2996 propriam
1298 2909 1367 2976 vim
1389 2920 1422 2977 et

273 3009 462 3076 libertatem
477 3011 619 3098 quodam
640 3011 737 3078 modo
759 3010 933 3076 retinuisse
955 3010 1105 3098 exemplo
1126 3022 1203 3078 sunt
1223 3011 1356 3078 aFesto
1377 3011 1421 3077 ci-

274 3120 346 3177 tata
360 3115 522 3194 ‘transque
537 3118 624 3180 duto’
646 3119 799 3193 ‘erutoque
810 3120 946 3193 plorato’
955 3139 966 3188 ‚·
980 3122 1018 3179 ut
1032 3113 1167 3196 rectius,
1181 3114 1217 3179 ni
1231 3112 1340 3198 fallor,
1356 3115 1421 3180 dis·

274 3214 444 3300 tinguatur
473 3216 572 3282 etiam
597 3221 685 3281 ‘endo
714 3221 814 3282 taeito'
842 3214 874 3301 (Ι
898 3216 946 3302 2),
977 3221 1042 3294 ‘qur'
1065 3220 1175 3295 fruces
1199 3237 1240 3281 ex
1265 3223 1421 3282 cautasstt’

276 3315 378 3400 (VIII
393 3316 427 3403 7)
443 3292 514 3382 sini.
522 3319 549 3406 2)
572 3318 665 3384 Idem
680 3319 769 3386 valet
784 3319 824 3383 de
840 3316 903 3383 alio
919 3317 1162 3405 compositionis
1177 3339 1313 3404 genere,
1329 3319 1421 3385 velut

275 3423 397 3482 ‘oenum
413 3423 513 3484 duuit’
530 3419 595 3506 (IV
615 3422 650 3508 2)
674 3459 708 3468 -
733 3421 776 3486 cf.
798 3419 922 3486 Pacuv.
940 3420 1000 3484 121
1017 3419 1057 3484 R.
1079 3418 1186 3486 Plaut.
1210 3421 1310 3502 Merc.
1331 3420 1367 3486 ΙΙ
1387 3422 1420 3503 3,

277 3521 316 3586 19
333 3517 435 3604 (354).
459 3519 586 3586 Gellius
603 3521 644 3587 N.
660 3525 702 3588 A.
718 3522 788 3587 XX
805 3525 832 3606 1,
851 3522 890 3587 19
906 3521 1066 3607 (Thomas
1081 3522 1181 3588 Thes.
1198 3545 1230 3610 p.
1247 3522 1310 3588 626
1325 3523 1372 3588 Μ.
1387 3533 1421 3590 et

275 3621 386 3688 Gloss.
401 3621 506 3688 Paris.
517 3646 556 3711 p.
567 3624 631 3689 290
640 3623 731 3691 Hild.
750 3633 868 3691 ‘venum
882 3629 1023 3690 uenditio'
1040 3624 1117 3711 (?)),
1139 3634 1196 3691 aut
1212 3631 1293 3690 ‘usas
1314 3635 1420 3691 aucto-

274 3730 362 3788 rttus'
378 3724 424 3812 (V
436 3723 500 3811 13),
518 3731 601 3791 ‘usus
615 3733 715 3808 cupio’
733 3727 816 3812 (VII
826 3727 874 3815 4),
890 3727 932 3793 ef.
950 3732 1068 3792 ‘sudare
1082 3731 1175 3792 datio’
1191 3728 1227 3791 in
1240 3725 1314 3813 lege
1330 3726 1418 3794 Gall.

344 4015 364 4080 ¹)
384 4020 459 4067 ‘con'
479 4018 642 4070 recentioris
660 4021 775 4086 originis
791 4023 846 4083 est3
865 4019 902 4070 cf.
915 4017 1087 4072 Ritschelius
1105 4019 1139 4071 de
1157 4019 1240 4072 titulo
1253 4021 1420 4072 Mummiano

274 4101 332 4152 Ind.
351 4102 438 4154 schol.
457 4102 543 4155 Bono.
565 4104 630 4154 1852
648 4121 675 4170 p.
693 4105 741 4156 VI.
779 4105 811 4156 G.
831 4104 943 4156 Curtius
961 4105 1052 4170 Etym.
1071 4121 1112 4172 gr.
1131 4104 1210 4160 elem.
1229 4105 1258 4158 II
1277 4108 1334 4157 120.

342 4185 365 4252 ²)
385 4187 422 4238 ct.
440 4187 578 4254 Bergkius
595 4187 628 4239 de
648 4205 731 4244 carm.
751 4187 852 4240 Saliar.
870 4189 929 4241 Iud.
948 4190 1038 4241 Marb.
1058 4185 1152 4254 184th
1170 4206 1196 4257 p.
1215 4191 1262 4244 VI.
1293 4191 1420 4244 Ritsche·

274 4271 329 4322 lius
351 4271 439 4324 Prisc.
462 4272 542 4328 latin.
564 4289 635 4325 mon.
655 4275 740 4342 epigr.
759 4273 860 4326 Index:
882 4275 971 4328 Notae
997 4281 1142 4342 anagnost.
1178 4275 1368 4327 Buechelerus
1391 4277 1420 4327 in

275 4355 455 4408 Fleckeiseni
472 4358 573 4413 Annei.
591 4358 657 4425 phil.
676 4361 709 4412 87
728 4377 755 4426 p.
773 4361 833 4412 339.
887 4367 890 4372 “
