3282 4992
391 297 439 351 na
461 297 646 351 evonacln
669 295 882 348 rnavunavn
904 299 1076 349 nanonm.
1267 283 1307 350 17

160 466 194 522 to
220 479 325 544 usque
351 455 393 520 ad
420 457 505 522 sexti
529 455 660 522 initium
669 455 694 541 ¹)
716 479 758 520 ex
780 456 901 542 scripto
922 455 964 520 de
985 447 1222 542 gubernatione
1244 457 1309 522 Dei

163 557 253 624 loeus
269 559 357 624 VIII
372 559 392 624 5
409 562 508 622 ‘Intra
525 563 740 638 Carttnqinem·
757 578 826 622 vero
839 565 998 638 ‘apparere
1017 566 1048 623 in
1062 565 1171 638 plateis
1184 569 1213 622 et
1226 579 1308 622 eom-

159 667 230 738 pin's
244 665 302 725 Dei
317 682 416 726 sanos
430 669 494 726 sine
508 669 684 726 contumelia
700 671 788 740 etque
802 667 993 728 execratione
1008 669 1060 725 oin
1074 667 1165 727 licuit.
1198 665 1307 725 Perse-

163 769 308 827 cntionem
322 769 378 828 hoe
393 769 512 844 quidem
524 769 621 842 fnisse
636 785 694 828 non
708 775 828 844 patant,
852 769 923 842 enin
945 781 1003 827 non
1019 773 1048 827 et
1061 771 1152 828 occisi
1164 777 1233 828 sant
1247 813 1255 830 .
1274 813 1280 826 .
1299 814 1305 826 .

110 914 113 919 .
162 869 224 930 Sed
242 871 273 929 in
295 871 384 930 arte
408 873 478 930 itte
502 887 560 930 nen
582 878 642 931 tent
663 873 812 932 hominnm
829 870 959 944 suerunt
972 869 1047 930 haec
1062 870 1203 943 beneficia
1218 885 1308 945 qnam

79 993 82 998 ·
161 975 291 1046 tenum.
336 973 473 1046 interfici
497 976 575 1034 enim
602 962 1029 1048 indemnetnm'qnemcnnqne
1055 974 1199 1033 hominem
1220 975 1308 1033 etiam

162 1073 244 1132 XII
262 1075 478 1140 intulerant
502 1079 660 1137 decreta
682 1082 845 1137 vetuerunt.
882 1075 921 1135 In
943 1077 1206 1150 energumenae,
1230 1073 1310 1149 qnod

161 1193 274 1258 meane
290 1180 353 1238 illie
363 1182 578 1254 praereptura
596 1181 763 1254 dominicae
780 1180 931 1252 retipionis
943 1177 1021 1250 snit:
1044 1179 1095 1238 nti
1114 1178 1181 1238 ideo
1195 1182 1308 1236 tentam

161 1267 254 1340 seroie
272 1281 331 1342 Dei
348 1284 434 1344 licuit
452 1283 592 1352 credre,
619 1287 690 1358 qnia
711 1298 899 1364 appadano
919 1285 1002 1342 inre
1023 1281 1142 1354 defensi
1161 1286 1242 1353 sunt,
1270 1298 1308 1340 ne

163 1385 400 1458 Christianorum
409 1387 546 1446 monibus
556 1387 852 1477 trucidarentur's-
867 1382 932 1446 Hic
944 1392 1052 1448 autem
1065 1405 1169 1469 neque
1179 1382 1308 1448 ‘urbem
1412 1461 1415 1466 ἱ

162 1483 266 1548 illam'
283 1484 468 1550 aliam'esse
484 1485 548 1548 nisi
565 1483 797 1570 Carthaginem
812 1508 935 1572 neque,
956 1485 1004 1552 ibi
1026 1507 1111 1572 quae
1131 1483 1307 1565 valuerint,
1378 1549 1385 1562 ,

160 1586 233 1651 XII
248 1587 436 1652 tabularum
456 1587 587 1652 decreta
603 1588 668 1652 alia
682 1573 752 1650 nisi
765 1587 998 1654 decemviralia
1013 1588 1231 1652 certissimum
1247 1597 1308 1652 est.

160 1687 279 1776 Itaque
300 1685 446 1777 utroque
461 1688 548 1772 loco,
575 1700 613 1755 ut
632 1711 692 1776 par
713 1699 779 1773 est,
805 1690 840 1753 in
862 1711 994 1756 censum
1017 1699 1135 1756 vocato
1157 1689 1224 1754 iam
1244 1712 1309 1754 non

159 1789 238 1856 lieet
259 1791 427 1875 dubitare,
450 1793 530 1879 quin
550 1792 746 1878 Carthagini
759 1783 829 1857 XII
845 1791 976 1858 tabulae
996 1794 1110 1878 quinto
1127 1793 1225 1858 etiam
1240 1815 1309 1857 sae·

160 1891 235 1957 culo
257 1893 382 1959 fuerint
401 1897 436 1959 in
456 1895 527 1960 foro
548 1895 681 1960 affixae.
703 1899 705 1904 ’
719 1895 811 1976 Quae
826 1917 879 1960 res
895 1902 933 1961 ut
948 1895 1121 1982 exploratu
1136 1894 1244 1960 facilis
1260 1903 1310 1958 est

162 1995 211 2061 ita
227 1995 394 2087 explicatu
409 1997 613 2062 difficillima.
639 1995 813 2062 ‘lncautius
830 1993 916 2074 enim
931 2007 1009 2083 agat
1029 1999 1159 2084 opinor,
1188 1999 1216 2061 si
1236 1997 1309 2083 quis
1341 2059 1343 2062 ,

160 2099 240 2164 inde
262 2099 373 2163 statim
395 2099 519 2164 efficiat
538 2099 625 2164 hunc
645 2103 848 2169 constantem
868 2122 963 2164 usum
982 2101 1085 2166 fuisse
1106 2101 1226 2187 populo
1247 2101 1311 2167 Ro-¹

162 2221 276 2283 mane,
298 2211 335 2266 ut
358 2202 409 2266 ius
432 2204 601 2289 antiquum
624 2211 721 2288 atque
742 2225 784 2266 ex
803 2211 897 2288 parte
913 2202 1099 2268 obsoletum
1114 2203 1148 2265 in
1164 2200 1308 2268 colonias
1419 2277 1426 2289 .

162 2324 292 2390 quoque
307 2310 571 2393 transportarent
585 2305 620 2367 in
635 2325 691 2368 aes
706 2304 861 2368 incisum:
886 2304 925 2369 id·
943 2305 1031 2391 quod
1050 2326 1092 2370 ne
1102 2303 1224 2368 umbra
1239 2303 1309 2390 qui-

162 2404 238 2470 dem
254 2407 437 2490 argumenti
454 2405 586 2470 aliunde
600 2406 697 2493 petiti
711 2407 836 2472 nititur.
868 2409 915 2472 At
928 2418 1043 2474 notum
1060 2417 1110 2474 est
1124 2406 1159 2470 in
1174 2405 1310 2472 Cartha·

136 2507 247 2592 ‘ginis
270 2507 397 2573 deletae
418 2517 534 2594 atque,
561 2530 603 2572 ne
623 2531 778 2595 umquam
802 2509 1014 2593 incoleretur,
1036 2510 1181 2576 ‘devotae
1201 2507 1310 2573 locum
1385 2548 1410 2569 ·-

161 2633 283 2676 novam
306 2609 467 2676 coloniam
488 2633 508 2675 a
529 2610 565 2676 C.
582 2611 731 2676 Graccho
752 2613 870 2677 deduci
891 2623 1041 2700 coeptam
1062 2622 1138 2698 post
1158 2613 1310 2698 repressa

163 2713 233 2776 eius
256 2712 393 2778 consilia
415 2715 565 2797 Augusto
586 2711 721 2778 demum
741 2714 921 2801 imperante
941 2737 972 2780 a.
994 2739 1026 2780 u.
1049 2712 1243 2780 DCCXXV
1262 2714 1308 2798 (a.

163 2815 240 2880 Chr.
257 2814 396 2900 XXIX)
406 2837 526 2902 reapse
543 2814 710 2881 conditam
726 2839 813 2882 esse:
835 2839 921 2903 quae
942 2827 1053 2882 tamen
1074 2825 1112 2882 ut
1125 2816 1232 2903 prima
1246 2815 1309 2880 Ro·

162 2919 333 2980 manorum
349 2926 444 2982 extra
459 2915 591 2983 Italiam
605 2917 733 2984 colonia
749 2918 914 2985 celebrata
929 2928 990 2984 est.
1006 2912 1048 2984 el.
1064 2918 1210 2983 Velleius
1226 2917 1243 2982 l
1261 2916 1310 2982 15.

163 3019 198 3084 II
215 3019 235 3082 7
252 3017 335 3104 (15).
364 3018 478 3084 Potuit
492 3019 595 3104 igitur
609 3021 695 3102 fieri,
717 3031 754 3086 ut
775 3017 935 3105 singulari
954 3019 1053 3085 huius
1074 3019 1222 3086 coloniae
1236 3041 1311 3083 con-

165 3121 295 3186 dicione
310 3111 393 3206 legis
408 3121 443 3184 in
458 3143 579 3187 novam
591 3123 759 3188 civitatem
772 3121 938 3188 sollemnis
949 3123 1096 3209 receptio
1105 3121 1310 3188 commenda-

163 3232 270 3288 retur:
287 3230 362 3287 utut
381 3244 434 3286 res
456 3224 620 3308 sehabet,
638 3225 701 3288 hoc
714 3223 848 3311 quidem
863 3246 958 3288 nemo
974 3215 1109 3310 negabit
1122 3222 1212 3288 istud
1227 3222 1310 3306 legis
1339 3245 1342 3252 ’

165 3324 334 3411 exemplar
356 3348 421 3389 non
442 3347 520 3389 sane
541 3325 709 3392 vetustuln
729 3326 833 3391 fuisse
848 3348 908 3390 nee
925 3325 1095 3392 diversum
1110 3326 1215 3396 abeis
1232 3345 1309 3411 quo-

164 3448 239 3492 rum
253 3427 440 3526 fragmenta
454 3427 550 3492 nobis
567 3449 694 3514 quoque
708 3427 928 3496 innotuerunt.
959 3429 1030 3494 lam
1049 3451 1128 3496 vero
1148 3451 1222 3493 eum
1237 3425 1311 3494 aliis

166 3529 260 3596 eade
276 3552 311 3601 re
332 3527 529 3596 testimoniis
550 3527 646 3616 plane
668 3529 819 3597 destituti
840 3530 958 3614 simus,
984 3553 1025 3596 ne
1048 3531 1084 3596 id
1104 3530 1237 3618 quidem
1257 3529 1311 3593 de-

166 3632 256 3698 cerni
278 3631 417 3717 poterit,
439 3631 595 3718 quamdiu
616 3630 808 3719 Carthagini
829 3633 885 3698 lex
900 3634 1063 3702 extiterit:
1087 3655 1188 3720 quam
1202 3643 1312 3697 tamen

165 3732 345 3798 verisimile
365 3733 499 3798 videtur
519 3735 607 3800 intra
625 3757 729 3801 annos
750 3734 946 3801 IOCXCIII¹
964 3745 997 3800 et
1017 3732 1241 3801 IOCXCVIII
1257 3733 1310 3797 de·

164 3855 255 3898 mum
269 3835 351 3901 urbe
367 3835 409 3901 ab
423 3837 590 3904 Arabibus
602 3836 770 3902 acerrimis
781 3845 1066 3904 monumentorum
1077 3836 1311 3901 litterariorum

165 3935 306 4002 inimicis
321 3937 501 4016 identidem
516 3948 613 4028 capta
627 3939 803 4006 interiisse.

216 4193 256 4261 ·¹)
274 4195 344 4248 Nam
362 4199 409 4263 qui
427 4214 487 4250 eum
506 4213 531 4250 a.
548 4199 598 4252 485
617 4200 713 4251 dieunt
730 4205 865 4252 mortuum
884 4215 945 4253 esse
965 4199 1013 4264 (et.
1027 4200 1181 4251 Dirksenus
1199 4199 1312 4264 Fragm.

166 4277 220 4330 XII
238 4280 315 4332 tabh.
335 4299 362 4347 p.
379 4285 396 4332 4
414 4299 440 4336 n.
453 4284 494 4348 4⁸)
512 4300 566 4336 non
585 4287 767 4338 meminerunt
785 4287 814 4334 in
827 4284 966 4338 Gennadii
984 4287 1019 4337 de
1036 4286 1107 4338 viris
1123 4283 1224 4334 illustr.
1241 4283 1313 4334 libro

168 4379 192 4412 a.
211 4366 263 4415 496
281 4366 355 4418 edito
373 4367 407 4419 de
425 4367 559 4422 Salviano
577 4370 632 4420 diei
652 4387 675 4423 e.
693 4373 727 4423 94
745 4371 829 4420 ‘Vivit
846 4389 925 4442 usqne
944 4371 1019 4423 hodie
1037 4375 1063 4422 in
1080 4373 1211 4419 senectute
1228 4369 1314 4420 bonai

219 4454 340 4508 Schoell‚
362 4457 426 4510 Legis
440 4459 479 4504 XlI
492 4462 539 4503 tab.
554 4460 616 4513 reliq.
1093 4451 1127 4522 21
1276 4453 1278 4458 ’
