<?xml version="1.0" encoding="UTF-8"?>
<!DOCTYPE html PUBLIC "-//W3C//DTD XHTML 1.0 Transitional//EN"
    "http://www.w3.org/TR/xhtml1/DTD/xhtml1-transitional.dtd">
<html xmlns="http://www.w3.org/1999/xhtml" xml:lang="en" lang="en">
 <head>
  <title>
</title>
<meta http-equiv="Content-Type" content="text/html;charset=utf-8" />
  <meta name='ocr-system' content='tesseract 3.04.00' />
  <meta name='ocr-capabilities' content='ocr_page ocr_carea ocr_par ocr_line ocrx_word'/>
</head>
<body>
  <div class='ocr_page' id='page_1' title='image "./legisdvodecimta02schgoog/legisdvodecimta02schgoog_0010.png"; bbox 0 0 3282 4992; ppageno 0'>
   <div class='ocr_carea' id='block_1_1' title="bbox 612 1001 1183 1114">
    <p class='ocr_par' dir='ltr' id='par_1_1' title="bbox 612 1001 1183 1114">
     <span class='ocr_line' id='line_1_1' title="bbox 612 1001 1183 1114; baseline -0.002 0"><span class='ocrx_word' id='word_1_1' title='bbox 612 1014 1031 1114; x_wconf 82' lang='lat' dir='ltr'><strong>PRAEFATIO</strong></span> <span class='ocrx_word' id='word_1_2' title='bbox 1174 1001 1183 1027; x_wconf 80' lang='grc'><strong>’</strong></span> 
     </span>
    </p>
   </div>
   <div class='ocr_carea' id='block_1_2' title="bbox 321 1397 1395 1525">
    <p class='ocr_par' dir='ltr' id='par_1_2' title="bbox 321 1397 1395 1525">
     <span class='ocr_line' id='line_1_2' title="bbox 321 1397 1395 1525; baseline -0.003 -18"><span class='ocrx_word' id='word_1_3' title='bbox 321 1397 395 1508; x_wconf 72' lang='grc' dir='ltr'>ΙῙ)θ</span> <span class='ocrx_word' id='word_1_4' title='bbox 417 1440 489 1525; x_wconf 89' lang='lat' dir='ltr'>lege</span> <span class='ocrx_word' id='word_1_5' title='bbox 512 1439 582 1503; x_wconf 91' lang='lat' dir='ltr'>XII</span> <span class='ocrx_word' id='word_1_6' title='bbox 610 1438 796 1502; x_wconf 89' lang='lat' dir='ltr'>tabularum</span> <span class='ocrx_word' id='word_1_7' title='bbox 818 1461 891 1516; x_wconf 83' lang='lat' dir='ltr'>cum</span> <span class='ocrx_word' id='word_1_8' title='bbox 913 1461 998 1502; x_wconf 90' lang='lat' dir='ltr'>anno</span> <span class='ocrx_word' id='word_1_9' title='bbox 1021 1437 1294 1502; x_wconf 77' lang='lat' dir='ltr'>MDCOOLXIV</span> <span class='ocrx_word' id='word_1_10' title='bbox 1316 1437 1395 1504; x_wconf 92' lang='lat' dir='ltr'>ordo</span> 
     </span>
    </p>
   </div>
   <div class='ocr_carea' id='block_1_3' title="bbox 250 1547 1396 2968">
    <p class='ocr_par' dir='ltr' id='par_1_3' title="bbox 250 1547 1396 2968">
     <span class='ocr_line' id='line_1_3' title="bbox 251 1547 1396 1639; baseline -0.001 -24"><span class='ocrx_word' id='word_1_11' title='bbox 251 1550 517 1639; x_wconf 87' lang='lat' dir='ltr'>philosophorum</span> <span class='ocrx_word' id='word_1_12' title='bbox 545 1550 727 1614; x_wconf 89' lang='lat' dir='ltr'>Bonnensis</span> <span class='ocrx_word' id='word_1_13' title='bbox 762 1547 944 1613; x_wconf 87' lang='lat' dir='ltr'>litterarum</span> <span class='ocrx_word' id='word_1_14' title='bbox 973 1557 1135 1613; x_wconf 89' lang='lat' dir='ltr'>certamen</span> <span class='ocrx_word' id='word_1_15' title='bbox 1168 1550 1317 1620; x_wconf 83' lang='lat' dir='ltr'>iussisset</span> <span class='ocrx_word' id='word_1_16' title='bbox 1348 1551 1396 1614; x_wconf 92' lang='lat' dir='ltr'>ita</span> 
     </span>
     <span class='ocr_line' id='line_1_4' title="bbox 251 1659 1396 1748; baseline -0.003 -21"><span class='ocrx_word' id='word_1_17' title='bbox 251 1664 338 1745; x_wconf 88' lang='lat' dir='ltr'>lieri,</span> <span class='ocrx_word' id='word_1_18' title='bbox 367 1672 404 1726; x_wconf 94' lang='lat' dir='ltr'>ut</span> <span class='ocrx_word' id='word_1_19' title='bbox 434 1683 476 1724; x_wconf 86' lang='lat' dir='ltr'>ex</span> <span class='ocrx_word' id='word_1_20' title='bbox 504 1661 577 1746; x_wconf 91' lang='lat' dir='ltr'>lege</span> <span class='ocrx_word' id='word_1_21' title='bbox 600 1671 695 1747; x_wconf 82' lang='lat' dir='ltr'>‘quac</span> <span class='ocrx_word' id='word_1_22' title='bbox 718 1670 892 1748; x_wconf 80' lang='lat' dir='ltr'>supersunt</span> <span class='ocrx_word' id='word_1_23' title='bbox 915 1659 1091 1745; x_wconf 83' lang='lat' dir='ltr'><strong>diligenter</strong></span> <span class='ocrx_word' id='word_1_24' title='bbox 1114 1659 1325 1746; x_wconf 89' lang='lat' dir='ltr'>colligantur,</span> <span class='ocrx_word' id='word_1_25' title='bbox 1353 1659 1396 1724; x_wconf 88' lang='lat' dir='ltr'>ad</span> 
     </span>
     <span class='ocr_line' id='line_1_5' title="bbox 251 1749 1395 1866; baseline -0.003 -29"><span class='ocrx_word' id='word_1_26' title='bbox 251 1774 398 1840; x_wconf 88' lang='lat' dir='ltr'>normam</span> <span class='ocrx_word' id='word_1_27' title='bbox 409 1774 489 1837; x_wconf 89' lang='lat' dir='ltr'>artis</span> <span class='ocrx_word' id='word_1_28' title='bbox 505 1771 721 1858; x_wconf 89' lang='lat' dir='ltr'>philologicae</span> <span class='ocrx_word' id='word_1_29' title='bbox 734 1773 983 1854; x_wconf 88' lang='lat' dir='ltr'>constituantur,</span> <span class='ocrx_word' id='word_1_30' title='bbox 990 1749 1043 1834; x_wconf 83' lang='lat' dir='ltr'>ita</span> <span class='ocrx_word' id='word_1_31' title='bbox 1055 1771 1196 1866; x_wconf 89' lang='lat' dir='ltr'>denique</span> <span class='ocrx_word' id='word_1_32' title='bbox 1212 1772 1395 1858; x_wconf 82' lang='lat' dir='ltr'>discepten-</span> 
     </span>
     <span class='ocr_line' id='line_1_6' title="bbox 250 1865 1396 1970; baseline -0.003 -21"><span class='ocrx_word' id='word_1_33' title='bbox 250 1895 324 1966; x_wconf 90' lang='lat' dir='ltr'>tur,</span> <span class='ocrx_word' id='word_1_34' title='bbox 352 1893 389 1948; x_wconf 91' lang='lat' dir='ltr'>ut</span> <span class='ocrx_word' id='word_1_35' title='bbox 417 1905 484 1947; x_wconf 92' lang='lat' dir='ltr'>non</span> <span class='ocrx_word' id='word_1_36' title='bbox 511 1892 577 1946; x_wconf 89' lang='lat' dir='ltr'>tam</span> <span class='ocrx_word' id='word_1_37' title='bbox 606 1904 715 1947; x_wconf 89' lang='lat' dir='ltr'>rerum</span> <span class='ocrx_word' id='word_1_38' title='bbox 738 1865 900 1946; x_wconf 85' lang='lat' dir='ltr'>enarratio</span> <span class='ocrx_word' id='word_1_39' title='bbox 929 1903 1027 1970; x_wconf 91' lang='lat' dir='ltr'>quam</span> <span class='ocrx_word' id='word_1_40' title='bbox 1049 1884 1142 1947; x_wconf 86' lang='lat' dir='ltr'>crisis</span> <span class='ocrx_word' id='word_1_41' title='bbox 1165 1882 1341 1947; x_wconf 90' lang='lat' dir='ltr'>verborum</span> <span class='ocrx_word' id='word_1_42' title='bbox 1364 1892 1396 1946; x_wconf 92' lang='lat' dir='ltr'>et</span> 
     </span>
     <span class='ocr_line' id='line_1_7' title="bbox 250 1992 1395 2081; baseline -0.002 -23"><span class='ocrx_word' id='word_1_43' title='bbox 250 1996 333 2060; x_wconf 91' lang='lat' dir='ltr'>ratio</span> <span class='ocrx_word' id='word_1_44' title='bbox 350 1995 481 2080; x_wconf 80' lang='lat' dir='ltr'>linguae</span> <span class='ocrx_word' id='word_1_45' title='bbox 497 2002 693 2080; x_wconf 86' lang='lat' dir='ltr'>spectetur&#39;:</span> <span class='ocrx_word' id='word_1_46' title='bbox 718 1995 785 2058; x_wconf 84' lang='lat' dir='ltr'>eius</span> <span class='ocrx_word' id='word_1_47' title='bbox 803 1994 1002 2080; x_wconf 82' lang='lat' dir='ltr'>quaestionis</span> <span class='ocrx_word' id='word_1_48' title='bbox 1019 1992 1194 2057; x_wconf 88' lang='lat' dir='ltr'>solvendae</span> <span class='ocrx_word' id='word_1_49' title='bbox 1216 1992 1395 2081; x_wconf 90' lang='lat' dir='ltr'>periculum</span> 
     </span>
     <span class='ocr_line' id='line_1_8' title="bbox 251 2104 1396 2191; baseline -0.003 -22"><span class='ocrx_word' id='word_1_50' title='bbox 251 2108 372 2170; x_wconf 91' lang='lat' dir='ltr'>maiore</span> <span class='ocrx_word' id='word_1_51' title='bbox 406 2127 480 2170; x_wconf 90' lang='lat' dir='ltr'>cum</span> <span class='ocrx_word' id='word_1_52' title='bbox 511 2104 631 2167; x_wconf 90' lang='lat' dir='ltr'>fiducia</span> <span class='ocrx_word' id='word_1_53' title='bbox 659 2127 755 2191; x_wconf 92' lang='lat' dir='ltr'>quam</span> <span class='ocrx_word' id='word_1_54' title='bbox 790 2104 908 2190; x_wconf 90' lang='lat' dir='ltr'>peritia</span> <span class='ocrx_word' id='word_1_55' title='bbox 937 2106 970 2167; x_wconf 90' lang='lat' dir='ltr'>in</span> <span class='ocrx_word' id='word_1_56' title='bbox 998 2126 1050 2166; x_wconf 92' lang='lat' dir='ltr'>me</span> <span class='ocrx_word' id='word_1_57' title='bbox 1077 2106 1197 2188; x_wconf 79' lang='lat' dir='ltr'>recepi.</span> <span class='ocrx_word' id='word_1_58' title='bbox 1247 2105 1396 2191; x_wconf 79' lang='lat' dir='ltr'>Namque</span> 
     </span>
     <span class='ocr_line' id='line_1_9' title="bbox 251 2214 1396 2301; baseline -0.003 -19"><span class='ocrx_word' id='word_1_59' title='bbox 251 2217 312 2282; x_wconf 89' lang='lat' dir='ltr'>boc</span> <span class='ocrx_word' id='word_1_60' title='bbox 332 2216 375 2279; x_wconf 90' lang='lat' dir='ltr'>ab</span> <span class='ocrx_word' id='word_1_61' title='bbox 402 2216 498 2280; x_wconf 89' lang='lat' dir='ltr'>initio</span> <span class='ocrx_word' id='word_1_62' title='bbox 526 2214 675 2278; x_wconf 85' lang='lat' dir='ltr'>intellexi</span> <span class='ocrx_word' id='word_1_63' title='bbox 704 2237 769 2278; x_wconf 91' lang='lat' dir='ltr'>non</span> <span class='ocrx_word' id='word_1_64' title='bbox 790 2237 886 2301; x_wconf 91' lang='lat' dir='ltr'>posse</span> <span class='ocrx_word' id='word_1_65' title='bbox 907 2215 1074 2301; x_wconf 87' lang='lat' dir='ltr'>proposito</span> <span class='ocrx_word' id='word_1_66' title='bbox 1102 2216 1181 2278; x_wconf 90' lang='lat' dir='ltr'>satis</span> <span class='ocrx_word' id='word_1_67' title='bbox 1210 2215 1282 2278; x_wconf 89' lang='lat' dir='ltr'>fieri</span> <span class='ocrx_word' id='word_1_68' title='bbox 1309 2215 1396 2278; x_wconf 76' lang='lat' dir='ltr'>intra</span> 
     </span>
     <span class='ocr_line' id='line_1_10' title="bbox 251 2317 1395 2412; baseline -0.003 -21"><span class='ocrx_word' id='word_1_69' title='bbox 251 2329 331 2392; x_wconf 85' lang='lat' dir='ltr'>fines</span> <span class='ocrx_word' id='word_1_70' title='bbox 358 2327 401 2390; x_wconf 91' lang='lat' dir='ltr'>ab</span> <span class='ocrx_word' id='word_1_71' title='bbox 425 2317 630 2412; x_wconf 86' lang='lat' dir='ltr'>amplissimo</span> <span class='ocrx_word' id='word_1_72' title='bbox 659 2325 774 2390; x_wconf 87' lang='lat' dir='ltr'>ordine</span> <span class='ocrx_word' id='word_1_73' title='bbox 803 2327 1013 2407; x_wconf 72' lang='lat' dir='ltr'>constitutoS,</span> <span class='ocrx_word' id='word_1_74' title='bbox 1042 2347 1157 2389; x_wconf 90' lang='lat' dir='ltr'>verum</span> <span class='ocrx_word' id='word_1_75' title='bbox 1188 2323 1395 2410; x_wconf 86' lang='lat' dir='ltr'>diligentiore</span> 
     </span>
     <span class='ocr_line' id='line_1_11' title="bbox 251 2437 1395 2531; baseline -0.003 -30"><span class='ocrx_word' id='word_1_76' title='bbox 251 2459 359 2531; x_wconf 89' lang='lat' dir='ltr'>rerum</span> <span class='ocrx_word' id='word_1_77' title='bbox 375 2438 403 2501; x_wconf 89' lang='lat' dir='ltr'>si</span> <span class='ocrx_word' id='word_1_78' title='bbox 418 2459 481 2501; x_wconf 90' lang='lat' dir='ltr'>non</span> <span class='ocrx_word' id='word_1_79' title='bbox 498 2439 718 2520; x_wconf 81' lang='lat' dir='ltr'>enarratione,</span> <span class='ocrx_word' id='word_1_80' title='bbox 735 2447 769 2501; x_wconf 89' lang='lat' dir='ltr'>at</span> <span class='ocrx_word' id='word_1_81' title='bbox 783 2438 1037 2523; x_wconf 80' lang='lat' dir='ltr'>pertractatione</span> <span class='ocrx_word' id='word_1_82' title='bbox 1053 2458 1132 2523; x_wconf 89' lang='lat' dir='ltr'>opus</span> <span class='ocrx_word' id='word_1_83' title='bbox 1151 2458 1236 2518; x_wconf 90' lang='lat' dir='ltr'>esse,</span> <span class='ocrx_word' id='word_1_84' title='bbox 1261 2437 1395 2522; x_wconf 88' lang='lat' dir='ltr'>quicun-</span> 
     </span>
     <span class='ocr_line' id='line_1_12' title="bbox 253 2545 1394 2637; baseline -0.003 -25"><span class='ocrx_word' id='word_1_85' title='bbox 253 2569 404 2636; x_wconf 87' lang='lat' dir='ltr'>quocum</span> <span class='ocrx_word' id='word_1_86' title='bbox 426 2548 535 2612; x_wconf 87' lang='lat' dir='ltr'>fructu</span> <span class='ocrx_word' id='word_1_87' title='bbox 550 2549 676 2612; x_wconf 87' lang='lat' dir='ltr'>versari</span> <span class='ocrx_word' id='word_1_88' title='bbox 698 2550 732 2611; x_wconf 94' lang='lat' dir='ltr'>in</span> <span class='ocrx_word' id='word_1_89' title='bbox 754 2547 805 2612; x_wconf 93' lang='lat' dir='ltr'>his</span> <span class='ocrx_word' id='word_1_90' title='bbox 816 2548 968 2637; x_wconf 85' lang='lat' dir='ltr'>reliquiis</span> <span class='ocrx_word' id='word_1_91' title='bbox 984 2547 1221 2612; x_wconf 83' lang='lat' dir='ltr'>constituendis</span> <span class='ocrx_word' id='word_1_92' title='bbox 1244 2545 1394 2610; x_wconf 84' lang='lat' dir='ltr'>voluerit.</span> 
     </span>
     <span class='ocr_line' id='line_1_13' title="bbox 251 2657 1396 2747; baseline -0.002 -24"><span class='ocrx_word' id='word_1_93' title='bbox 251 2659 335 2724; x_wconf 83' lang='lat' dir='ltr'>inde</span> <span class='ocrx_word' id='word_1_94' title='bbox 350 2681 453 2724; x_wconf 90' lang='lat' dir='ltr'>novus</span> <span class='ocrx_word' id='word_1_95' title='bbox 477 2659 617 2722; x_wconf 90' lang='lat' dir='ltr'>dabatur</span> <span class='ocrx_word' id='word_1_96' title='bbox 632 2671 763 2746; x_wconf 87' lang='lat' dir='ltr'>campus</span> <span class='ocrx_word' id='word_1_97' title='bbox 787 2660 821 2723; x_wconf 93' lang='lat' dir='ltr'>in</span> <span class='ocrx_word' id='word_1_98' title='bbox 844 2682 906 2747; x_wconf 93' lang='lat' dir='ltr'>quo</span> <span class='ocrx_word' id='word_1_99' title='bbox 924 2658 1034 2722; x_wconf 90' lang='lat' dir='ltr'>studia</span> <span class='ocrx_word' id='word_1_100' title='bbox 1050 2658 1251 2723; x_wconf 77' lang='lat' dir='ltr'>collocarem.</span> <span class='ocrx_word' id='word_1_101' title='bbox 1289 2657 1396 2738; x_wconf 81' lang='lat' dir='ltr'>Quem</span> 
     </span>
     <span class='ocr_line' id='line_1_14' title="bbox 251 2769 1395 2858; baseline -0.002 -24"><span class='ocrx_word' id='word_1_102' title='bbox 251 2781 361 2834; x_wconf 89' lang='lat' dir='ltr'>tamen</span> <span class='ocrx_word' id='word_1_103' title='bbox 375 2769 554 2858; x_wconf 89' lang='lat' dir='ltr'>periculum</span> <span class='ocrx_word' id='word_1_104' title='bbox 569 2770 647 2852; x_wconf 88' lang='lat' dir='ltr'>fuit,</span> <span class='ocrx_word' id='word_1_105' title='bbox 661 2791 702 2832; x_wconf 91' lang='lat' dir='ltr'>ne</span> <span class='ocrx_word' id='word_1_106' title='bbox 717 2792 918 2857; x_wconf 89' lang='lat' dir='ltr'>pererrarem</span> <span class='ocrx_word' id='word_1_107' title='bbox 933 2771 1041 2856; x_wconf 87' lang='lat' dir='ltr'>potius</span> <span class='ocrx_word' id='word_1_108' title='bbox 1054 2792 1150 2856; x_wconf 89' lang='lat' dir='ltr'>quarn</span> <span class='ocrx_word' id='word_1_109' title='bbox 1162 2790 1395 2854; x_wconf 85' lang='lat' dir='ltr'>percurrerem,</span> 
     </span>
     <span class='ocr_line' id='line_1_15' title="bbox 251 2879 1396 2968; baseline -0.001 -24"><span class='ocrx_word' id='word_1_110' title='bbox 251 2882 286 2944; x_wconf 90' lang='lat' dir='ltr'>ni</span> <span class='ocrx_word' id='word_1_111' title='bbox 309 2882 500 2966; x_wconf 85' lang='lat' dir='ltr'>contigisset</span> <span class='ocrx_word' id='word_1_112' title='bbox 522 2879 603 2944; x_wconf 91' lang='lat' dir='ltr'>mihi</span> <span class='ocrx_word' id='word_1_113' title='bbox 624 2880 753 2967; x_wconf 88' lang='lat' dir='ltr'>hospite</span> <span class='ocrx_word' id='word_1_114' title='bbox 775 2883 823 2945; x_wconf 93' lang='lat' dir='ltr'>uti</span> <span class='ocrx_word' id='word_1_115' title='bbox 845 2881 1081 2965; x_wconf 82' lang='lat' dir='ltr'>benignissimo</span> <span class='ocrx_word' id='word_1_116' title='bbox 1105 2881 1285 2968; x_wconf 89' lang='lat' dir='ltr'>eodemque</span> <span class='ocrx_word' id='word_1_117' title='bbox 1314 2881 1396 2944; x_wconf 91' lang='lat' dir='ltr'>duce</span> 
     </span>
    </p>
   </div>
   <div class='ocr_carea' id='block_1_4' title="bbox 134 2991 1396 3078">
    <p class='ocr_par' dir='ltr' id='par_1_4' title="bbox 134 2991 1396 3078">
     <span class='ocr_line' id='line_1_16' title="bbox 134 2991 1396 3078; baseline -0.002 -22"><span class='ocrx_word' id='word_1_118' title='bbox 134 2995 137 3001; x_wconf 82' lang='grc'><strong>’</strong></span> <span class='ocrx_word' id='word_1_119' title='bbox 176 3011 179 3016; x_wconf 84' lang='grc'><strong><em>·</em></strong></span> <span class='ocrx_word' id='word_1_120' title='bbox 251 2993 438 3057; x_wconf 88' lang='lat' dir='ltr'>firmissimo</span> <span class='ocrx_word' id='word_1_121' title='bbox 461 2991 648 3056; x_wconf 88' lang='lat' dir='ltr'>Eduardo</span> <span class='ocrx_word' id='word_1_122' title='bbox 670 2991 940 3076; x_wconf 88' lang='lat' dir='ltr'>Boeckingio,</span> <span class='ocrx_word' id='word_1_123' title='bbox 964 2994 1020 3078; x_wconf 92' lang='lat' dir='ltr'>qui</span> <span class='ocrx_word' id='word_1_124' title='bbox 1043 2992 1084 3056; x_wconf 90' lang='lat' dir='ltr'>de</span> <span class='ocrx_word' id='word_1_125' title='bbox 1106 2995 1176 3056; x_wconf 90' lang='lat' dir='ltr'>iure</span> <span class='ocrx_word' id='word_1_126' title='bbox 1198 2991 1396 3078; x_wconf 88' lang='lat' dir='ltr'>respondere</span> 
     </span>
    </p>
   </div>
   <div class='ocr_carea' id='block_1_5' title="bbox 232 3100 1481 4414">
    <p class='ocr_par' dir='ltr' id='par_1_5' title="bbox 232 3100 1481 4414">
     <span class='ocr_line' id='line_1_17' title="bbox 252 3100 1396 3191; baseline -0.001 -25"><span class='ocrx_word' id='word_1_127' title='bbox 252 3102 630 3191; x_wconf 64' lang='lat' dir='ltr'>consulentipumquam</span> <span class='ocrx_word' id='word_1_128' title='bbox 654 3101 849 3187; x_wconf 87' lang='lat' dir='ltr'>dedignatus</span> <span class='ocrx_word' id='word_1_129' title='bbox 874 3103 1022 3189; x_wconf 89' lang='lat' dir='ltr'>quotiens</span> <span class='ocrx_word' id='word_1_130' title='bbox 1045 3101 1200 3167; x_wconf 81' lang='lat' dir='ltr'>familiari</span> <span class='ocrx_word' id='word_1_131' title='bbox 1221 3100 1396 3189; x_wconf 87' lang='lat' dir='ltr'>disciplina</span> 
     </span>
     <span class='ocr_line' id='line_1_18' title="bbox 251 3213 1396 3297; baseline -0.002 -18"><span class='ocrx_word' id='word_1_132' title='bbox 251 3216 381 3280; x_wconf 87' lang='lat' dir='ltr'>auxerit</span> <span class='ocrx_word' id='word_1_133' title='bbox 403 3215 587 3295; x_wconf 89' lang='lat' dir='ltr'>scientiam,</span> <span class='ocrx_word' id='word_1_134' title='bbox 621 3215 726 3277; x_wconf 90' lang='lat' dir='ltr'>aciem</span> <span class='ocrx_word' id='word_1_135' title='bbox 755 3215 937 3295; x_wconf 88' lang='lat' dir='ltr'>exacuerit,</span> <span class='ocrx_word' id='word_1_136' title='bbox 972 3214 1059 3277; x_wconf 87' lang='lat' dir='ltr'>viam</span> <span class='ocrx_word' id='word_1_137' title='bbox 1093 3222 1181 3276; x_wconf 90' lang='lat' dir='ltr'>recte</span> <span class='ocrx_word' id='word_1_138' title='bbox 1208 3213 1396 3297; x_wconf 88' lang='lat' dir='ltr'>ingressuro</span> 
     </span>
     <span class='ocr_line' id='line_1_19' title="bbox 252 3323 1396 3412; baseline -0.003 -22"><span class='ocrx_word' id='word_1_139' title='bbox 252 3325 357 3390; x_wconf 87' lang='lat' dir='ltr'>facem</span> <span class='ocrx_word' id='word_1_140' title='bbox 384 3324 590 3412; x_wconf 89' lang='lat' dir='ltr'>praetulerit,</span> <span class='ocrx_word' id='word_1_141' title='bbox 620 3326 803 3409; x_wconf 87' lang='lat' dir='ltr'>ingressum</span> <span class='ocrx_word' id='word_1_142' title='bbox 837 3324 987 3408; x_wconf 88' lang='lat' dir='ltr'>consilio,</span> <span class='ocrx_word' id='word_1_143' title='bbox 1023 3324 1220 3407; x_wconf 85' lang='lat' dir='ltr'>hortatione,</span> <span class='ocrx_word' id='word_1_144' title='bbox 1256 3323 1396 3411; x_wconf 88' lang='lat' dir='ltr'>denique</span> 
     </span>
     <span class='ocr_line' id='line_1_20' title="bbox 252 3433 1396 3523; baseline -0.004 -21"><span class='ocrx_word' id='word_1_145' title='bbox 252 3433 402 3523; x_wconf 82' lang='lat' dir='ltr'>exemplo</span> <span class='ocrx_word' id='word_1_146' title='bbox 431 3445 463 3499; x_wconf 91' lang='lat' dir='ltr'>et</span> <span class='ocrx_word' id='word_1_147' title='bbox 489 3438 684 3500; x_wconf 87' lang='lat' dir='ltr'>auctoritate</span> <span class='ocrx_word' id='word_1_148' title='bbox 712 3457 866 3522; x_wconf 88' lang='lat' dir='ltr'>praesens</span> <span class='ocrx_word' id='word_1_149' title='bbox 889 3435 1070 3518; x_wconf 89' lang='lat' dir='ltr'>adiuverit,</span> <span class='ocrx_word' id='word_1_150' title='bbox 1094 3435 1149 3521; x_wconf 91' lang='lat' dir='ltr'>pia</span> <span class='ocrx_word' id='word_1_151' title='bbox 1171 3434 1396 3514; x_wconf 85' lang='lat' dir='ltr'>recordatione</span> 
     </span>
     <span class='ocr_line' id='line_1_21' title="bbox 252 3545 1395 3633; baseline -0.003 -21"><span class='ocrx_word' id='word_1_152' title='bbox 252 3547 394 3612; x_wconf 88' lang='lat' dir='ltr'>libenter</span> <span class='ocrx_word' id='word_1_153' title='bbox 415 3545 539 3611; x_wconf 87' lang='lat' dir='ltr'>recolo:</span> <span class='ocrx_word' id='word_1_154' title='bbox 563 3545 754 3631; x_wconf 86' lang='lat' dir='ltr'>singillatim</span> <span class='ocrx_word' id='word_1_155' title='bbox 776 3548 954 3633; x_wconf 83' lang='lat' dir='ltr'>perstringi</span> <span class='ocrx_word' id='word_1_156' title='bbox 976 3569 1035 3610; x_wconf 88' lang='lat' dir='ltr'>nec</span> <span class='ocrx_word' id='word_1_157' title='bbox 1057 3554 1165 3631; x_wconf 87' lang='lat' dir='ltr'>potest</span> <span class='ocrx_word' id='word_1_158' title='bbox 1187 3567 1248 3608; x_wconf 90' lang='lat' dir='ltr'>nec</span> <span class='ocrx_word' id='word_1_159' title='bbox 1269 3545 1319 3608; x_wconf 87' lang='lat' dir='ltr'>fas</span> <span class='ocrx_word' id='word_1_160' title='bbox 1335 3555 1395 3609; x_wconf 88' lang='lat' dir='ltr'>est.</span> 
     </span>
     <span class='ocr_line' id='line_1_22' title="bbox 252 3655 1396 3742; baseline -0.002 -20"><span class='ocrx_word' id='word_1_161' title='bbox 252 3659 374 3723; x_wconf 88' lang='lat' dir='ltr'>Veram</span> <span class='ocrx_word' id='word_1_162' title='bbox 406 3667 515 3721; x_wconf 83' lang='lat' dir='ltr'>autern</span> <span class='ocrx_word' id='word_1_163' title='bbox 548 3659 689 3742; x_wconf 87' lang='lat' dir='ltr'>gratiam</span> <span class='ocrx_word' id='word_1_164' title='bbox 715 3658 788 3721; x_wconf 87' lang='lat' dir='ltr'>viro</span> <span class='ocrx_word' id='word_1_165' title='bbox 820 3659 953 3742; x_wconf 87' lang='lat' dir='ltr'>egregio</span> <span class='ocrx_word' id='word_1_166' title='bbox 987 3659 1034 3722; x_wconf 90' lang='lat' dir='ltr'>ita</span> <span class='ocrx_word' id='word_1_167' title='bbox 1065 3655 1196 3720; x_wconf 90' lang='lat' dir='ltr'>demum</span> <span class='ocrx_word' id='word_1_168' title='bbox 1229 3655 1396 3720; x_wconf 85' lang='lat' dir='ltr'>rettulisse</span> 
     </span>
     <span class='ocr_line' id='line_1_23' title="bbox 252 3765 1396 3852; baseline -0.002 -20"><span class='ocrx_word' id='word_1_169' title='bbox 252 3769 334 3833; x_wconf 90' lang='lat' dir='ltr'>mihi</span> <span class='ocrx_word' id='word_1_170' title='bbox 357 3768 510 3850; x_wconf 87' lang='lat' dir='ltr'>videbor,</span> <span class='ocrx_word' id='word_1_171' title='bbox 539 3769 568 3831; x_wconf 88' lang='lat' dir='ltr'>si</span> <span class='ocrx_word' id='word_1_172' title='bbox 595 3789 659 3831; x_wconf 91' lang='lat' dir='ltr'>uno</span> <span class='ocrx_word' id='word_1_173' title='bbox 687 3765 832 3833; x_wconf 88' lang='lat' dir='ltr'>alterove</span> <span class='ocrx_word' id='word_1_174' title='bbox 860 3769 956 3832; x_wconf 87' lang='lat' dir='ltr'>huius</span> <span class='ocrx_word' id='word_1_175' title='bbox 985 3767 1088 3832; x_wconf 90' lang='lat' dir='ltr'>libelli</span> <span class='ocrx_word' id='word_1_176' title='bbox 1117 3776 1309 3852; x_wconf 89' lang='lat' dir='ltr'>argumento</span> <span class='ocrx_word' id='word_1_177' title='bbox 1331 3789 1396 3832; x_wconf 91' lang='lat' dir='ltr'>non</span> 
     </span>
     <span class='ocr_line' id='line_1_24' title="bbox 251 3877 1395 3966; baseline 0 -24"><span class='ocrx_word' id='word_1_178' title='bbox 251 3880 374 3944; x_wconf 84' lang='lat' dir='ltr'>frustra</span> <span class='ocrx_word' id='word_1_179' title='bbox 396 3901 448 3942; x_wconf 91' lang='lat' dir='ltr'>me</span> <span class='ocrx_word' id='word_1_180' title='bbox 476 3878 536 3943; x_wconf 89' lang='lat' dir='ltr'>bac</span> <span class='ocrx_word' id='word_1_181' title='bbox 564 3878 743 3965; x_wconf 79' lang='lat' dir='ltr'>disciplina¹</span> <span class='ocrx_word' id='word_1_182' title='bbox 767 3901 862 3942; x_wconf 89' lang='lat' dir='ltr'>usum</span> <span class='ocrx_word' id='word_1_183' title='bbox 890 3901 961 3943; x_wconf 91' lang='lat' dir='ltr'>esse</span> <span class='ocrx_word' id='word_1_184' title='bbox 989 3879 1053 3966; x_wconf 83' lang='lat' dir='ltr'>ipsi</span> <span class='ocrx_word' id='word_1_185' title='bbox 1081 3878 1278 3966; x_wconf 87' lang='lat' dir='ltr'>probavero:</span> <span class='ocrx_word' id='word_1_186' title='bbox 1308 3877 1395 3964; x_wconf 89' lang='lat' dir='ltr'>quod</span> 
     </span>
     <span class='ocr_line' id='line_1_25' title="bbox 253 3971 1395 4077; baseline -0.001 -24"><span class='ocrx_word' id='word_1_187' title='bbox 253 3991 281 4053; x_wconf 92' lang='lat' dir='ltr'>si</span> <span class='ocrx_word' id='word_1_188' title='bbox 312 3989 390 4075; x_wconf 91' lang='lat' dir='ltr'>quid</span> <span class='ocrx_word' id='word_1_189' title='bbox 419 4012 470 4053; x_wconf 88' lang='lat' dir='ltr'>me</span> <span class='ocrx_word' id='word_1_190' title='bbox 496 3988 591 4054; x_wconf 91' lang='lat' dir='ltr'>latuit</span> <span class='ocrx_word' id='word_1_191' title='bbox 618 3991 758 4054; x_wconf 89' lang='lat' dir='ltr'>invitum</span> <span class='ocrx_word' id='word_1_192' title='bbox 786 3971 857 4054; x_wconf 85' lang='lat' dir='ltr'>sive</span> <span class='ocrx_word' id='word_1_193' title='bbox 885 3990 965 4077; x_wconf 91' lang='lat' dir='ltr'>quid</span> <span class='ocrx_word' id='word_1_194' title='bbox 993 4012 1104 4055; x_wconf 87' lang='lat' dir='ltr'>eorum</span> <span class='ocrx_word' id='word_1_195' title='bbox 1131 4009 1214 4076; x_wconf 89' lang='lat' dir='ltr'>quae</span> <span class='ocrx_word' id='word_1_196' title='bbox 1240 3991 1395 4076; x_wconf 89' lang='lat' dir='ltr'>proposui</span> 
     </span>
     <span class='ocr_line' id='line_1_26' title="bbox 252 4077 1397 4187; baseline -0.002 -24"><span class='ocrx_word' id='word_1_197' title='bbox 252 4109 340 4166; x_wconf 88' lang='lat' dir='ltr'>recto</span> <span class='ocrx_word' id='word_1_198' title='bbox 363 4098 429 4165; x_wconf 89' lang='lat' dir='ltr'>talo</span> <span class='ocrx_word' id='word_1_199' title='bbox 458 4108 543 4164; x_wconf 89' lang='lat' dir='ltr'>stare</span> <span class='ocrx_word' id='word_1_200' title='bbox 571 4123 636 4164; x_wconf 92' lang='lat' dir='ltr'>non</span> <span class='ocrx_word' id='word_1_201' title='bbox 664 4099 847 4183; x_wconf 90' lang='lat' dir='ltr'>videbitur,</span> <span class='ocrx_word' id='word_1_202' title='bbox 867 4077 937 4165; x_wconf 42' lang='lat' dir='ltr'>&#39;vel</span> <span class='ocrx_word' id='word_1_203' title='bbox 965 4101 1001 4164; x_wconf 88' lang='lat' dir='ltr'>id</span> <span class='ocrx_word' id='word_1_204' title='bbox 1030 4099 1123 4166; x_wconf 91' lang='lat' dir='ltr'>illum</span> <span class='ocrx_word' id='word_1_205' title='bbox 1151 4122 1209 4187; x_wconf 90' lang='lat' dir='ltr'>pro</span> <span class='ocrx_word' id='word_1_206' title='bbox 1237 4099 1397 4185; x_wconf 85' lang='lat' dir='ltr'>singulari</span> 
     </span>
     <span class='ocr_line' id='line_1_27' title="bbox 254 4209 1481 4300; baseline 0.002 -26"><span class='ocrx_word' id='word_1_207' title='bbox 254 4212 322 4276; x_wconf 87' lang='lat' dir='ltr'>eius</span> <span class='ocrx_word' id='word_1_208' title='bbox 351 4209 556 4300; x_wconf 83' lang='lat' dir='ltr'>indulgentia</span> <span class='ocrx_word' id='word_1_209' title='bbox 582 4214 678 4298; x_wconf 90' lang='lat' dir='ltr'>aequi</span> <span class='ocrx_word' id='word_1_210' title='bbox 704 4211 782 4276; x_wconf 92' lang='lat' dir='ltr'>boni</span> <span class='ocrx_word' id='word_1_211' title='bbox 805 4211 966 4277; x_wconf 88' lang='lat' dir='ltr'>facturum</span> <span class='ocrx_word' id='word_1_212' title='bbox 990 4211 1132 4292; x_wconf 90' lang='lat' dir='ltr'>confido,</span> <span class='ocrx_word' id='word_1_213' title='bbox 1161 4211 1249 4296; x_wconf 90' lang='lat' dir='ltr'>apud</span> <span class='ocrx_word' id='word_1_214' title='bbox 1272 4221 1395 4278; x_wconf 80' lang='lat' dir='ltr'>ceteros</span> <span class='ocrx_word' id='word_1_215' title='bbox 1480 4295 1481 4300; x_wconf 8' lang='grc' dir='ltr'>η</span> 
     </span>
     <span class='ocr_line' id='line_1_28' title="bbox 232 4322 1274 4414; baseline 0.005 -30"><span class='ocrx_word' id='word_1_216' title='bbox 232 4343 362 4385; x_wconf 89' lang='lat' dir='ltr'>-earum</span> <span class='ocrx_word' id='word_1_217' title='bbox 383 4343 490 4387; x_wconf 91' lang='lat' dir='ltr'>rerum</span> <span class='ocrx_word' id='word_1_218' title='bbox 512 4322 651 4388; x_wconf 85' lang='lat' dir='ltr'>arbitros</span> <span class='ocrx_word' id='word_1_219' title='bbox 673 4324 803 4388; x_wconf 88' lang='lat' dir='ltr'>veniam</span> <span class='ocrx_word' id='word_1_220' title='bbox 825 4345 877 4388; x_wconf 90' lang='lat' dir='ltr'>me</span> <span class='ocrx_word' id='word_1_221' title='bbox 899 4327 1148 4409; x_wconf 64' lang='lat' dir='ltr'>impetraturam</span> <span class='ocrx_word' id='word_1_222' title='bbox 1169 4343 1274 4414; x_wconf 85' lang='lat' dir='ltr'>spero.</span> 
     </span>
    </p>
   </div>
   <div class='ocr_carea' id='block_1_6' title="bbox 0 0 1648 4992">
    <p class='ocr_par' dir='ltr' id='par_1_6' title="bbox 0 0 1648 4992">
     <span class='ocr_line' id='line_1_29' title="bbox 0 0 1648 4992; baseline 0 0"><span class='ocrx_word' id='word_1_223' title='bbox 0 0 1648 4992; x_wconf 95' lang='lat' dir='ltr'> </span> 
     </span>
    </p>
   </div>
  </div>
 </body>
</html>
