3282 4970
693 297 831 346 TABVLA
854 299 914 347 Vll.

317 555 345 620 1.
369 571 518 633 s1onA
541 569 669 618 PLVVIA
692 571 806 618 uocum

314 657 368 720 2⁰¹¹.
391 656 512 721 Paulus
535 656 556 722 l.
581 656 666 721 XVI
690 655 731 720 ad
755 656 925 721 Sabinum.
949 657 1025 739 Dig.
1048 657 1108 738 43,
1131 658 1167 738 8,
1191 656 1220 722 5.
1244 656 1291 720 ‘Si
1314 679 1373 741 per

229 757 398 844 publicum
419 757 528 824 locum
549 754 640 826 riuus
657 756 879 844 aquaeductus
895 759 1024 843 priuato
1039 758 1185 840 nocebit,
1210 759 1272 822 erit
1287 759 1372 822 actio

228 860 359 946 priuato
381 881 424 925 ex
447 860 519 945 lege
542 859 715 926 duodecim
738 858 941 943 tabularum,
964 869 1001 924 ut
1022 882 1130 926 noxae
1157 859 1289 926 domino
1321 881 1371 923 ea-

228 969 368 1028 ueatur.'
876 1042 877 1052 ἵ

314 1164 473 1252 leianus
496 1165 517 1232 l.
533 1165 650 1231 LXXI
673 1164 716 1232 ad
738 1163 802 1231 Ed.
825 1166 904 1250 Dig.
920 1166 972 1244 43,
989 1167 1042 1248 27,
1067 1168 1084 1229 1
1108 1167 1174 1248 §d
1201 1165 1310 1248 ‘Quod
1319 1161 1374 1231 'ait

229 1259 362 1354 praetor
384 1277 417 1333 et
438 1267 494 1332 lex
517 1266 688 1346 duodecim
712 1268 897 1333 tabularum
920 1267 1052 1332 efficere
1074 1267 1198 1350 uoluit,
1221 1277 1258 1333 ut
1280 1268 1372 1354 quin-

231 1368 337 1434 decim
358 1369 457 1454 pedes
480 1368 578 1434 altius
601 1371 684 1434 rami
706 1370 832 1435 arboris
855 1368 1147 1451 circumcidantur,
1177 1381 1209 1435 et
1235 1369 1298 1434 hoe
1324 1369 1373 1434 id-

230 1472 316 1536 circo
341 1471 492 1544 effectum
514 1480 576 1553 est,
600 1493 641 1534 ne
663 1471 780 1537 umbra
802 1472 929 1538 arboris
945 1473 1052 1538 uicino
1067 1472 1202 1567 praedio
1218 1479 1373 1538 noceret?

313 1690 439 1756 Plinius
467 1691 511 1756 H.
534 1691 574 1758 N.
604 1691 689 1757 XVI
711 1691 732 1756 5
739 1741 748 1773 ,
773 1591 825 1758 id)
852 1680 1008 1760 ‘Cautum
1031 1701 1081 1758 est
1109 1688 1279 1780 praeterea
1293 1693 1373 1777 lege

229 1795 300 1860 XII
321 1792 521 1877 tabularum,
543 1803 580 1859 ut
601 1793 753 1880 glandem
774 1794 810 1858 in
831 1795 974 1860 alienum
996 1794 1136 1862 fundum
1150 1796 1373 1898 procidentem

228 1896 342 1964 liceret
363 1893 541 1981 colligere?

226 2046 229 2050 ,
774 1998 823 2063 11.

313 2102 395 2165 inst.
411 2099 432 2164 2
439 2147 448 2181 ,
467 2101 501 2182 1,
522 2101 573 2164 41.
598 2097 779 2165 ‘Venditae
800 2122 878 2166 uero
904 2103 986 2184 [res]
1009 2109 1042 2165 et
1064 2101 1207 2180 traditae
1228 2124 1294 2166 non
1316 2101 1373 2167 ali-

227 2211 277 2268 ter
300 2201 439 2288 emptori
461 2201 675 2288 acquiruntur
690 2223 787 2287 quam
804 2201 832 2265 si
848 2201 876 2265 is
891 2202 1055 2268 uenditori
1070 2205 1210 2289 pretium
1226 2202 1371 2284 soluerit,

227 2303 282 2370 uel
309 2303 373 2369 alio
395 2300 499 2369 modo
528 2301 727 2407 satisfecerit
755 2302 855 2367 ueluti
884 2305 1124 2390 expromissore
1153 2313 1209 2369 aut
1235 2307 1371 2392 pignore

229 2598 269 2648 cis
293 2591 375 2658 dicit)
399 2595 476 2645 ‘uias
495 2632 501 2644 .
521 2596 544 2645 ‚²
561 2619 595 2629 -
619 2591 699 2657 (Mea
717 2601 784 2644 'sunt
809 2599 997 2660 supplementa:
1022 2595 1083 2647 uias
1106 2599 1137 2646 ut
1160 2597 1208 2660 qui
1231 2597 1292 2647 uias
1314 2599 1372 2651 cod.

232 2681 292 2732 Vut.
312 2683 382 2732 2731
400 2681 478 2731 Letd.
496 2681 562 2730 uude
581 2679 765 2731 Mcmnrsenus:
784 2682 869 2743 ‘uias,
888 2684 919 2729 ut
937 2679 1053 2732 adiciat:
1073 2681 1145 2732 ‘uias
1159 2718 1164 2731 .
1178 2679 1208 2746 .’)
1229 2679 1327 2732 Cicero
1344 2698 1371 2746 p.

229 2765 352 2817 Caecina
372 2766 415 2825 19,
435 2766 469 2816 64
487 2765 524 2815 ‘si
540 2765 588 2814 uia
605 2765 646 2830 sit
663 2764 818 2829 immunita,
837 2765 915 2816 iubet
934 2780 987 2830 qua
1005 2766 1075 2816 uelit
1099 2781 1182 2831 egere
1202 2765 1375 2820 iumentum!

229 2851 267 2906 cf.
286 2850 388 2902 Paulus
405 2867 432 2917 p.
445 2852 478 2901 73
495 2849 533 2902 Μ.
552 2846 726 2916 ‘delapidata
745 2849 838 2916 lapide
857 2851 967 2901 strata’

176 2937 179 2942 ¹
273 2973 277 2977 ·
297 2954 323 3007 8.
340 2953 508 3018 Pomponius
527 2951 545 3001 l.
560 2952 613 3005 VII
632 2968 665 3003 ex
683 2943 803 3006 Plautio.
821 2952 858 3004 D.·
870 2954 912 3015 40,
932 2953 956 3014 7,
975 2953 1007 3000 91
1027 2941 1074 3002 ‘Et
1093 2952 1164 3017 quod
1181 2953 1222 3004 ita
1240 2954 1372 3021 scriptum
1467 2943 1470 2948 ’

229 3041 273 3089 est
291 3035 459 3098 ‘uidebitur’‚
478 3053 527 3103 pro
540 3037 593 3088 hoc
607 3037 698 3102 accipi
710 3036 793 3087 debet
805 3034 905 3087 ‘uideri
917 3035 1042 3102 poterit':
1061 3037 1102 3086 sic
1121 3043 1149 3087 et
1166 3038 1252 3088 uerba
1271 3038 1372 3091 duode-

159 3157 163 3163 ·
229 3124 282 3174 cim
302 3121 459 3174 tabularum
478 3125 589 3174 ueteres
606 3120 784 3188 interpretati
801 3124 865 3174 sunt
884 3121 928 3170 ‘si
943 3162 948 3174 .
963 3155 970 3170 .
984 3157 990 3169 .
1006 3157 1032 3172 ..
1051 3121 1070 3170 i.
1090 3136 1114 3172 e.
1133 3123 1157 3172 si
1175 3137 1275 3174 nocere
1294 3129 1371 3190 pote-

228 3209 290 3259 rit’·
310 3204 368 3262 Cic.
381 3208 449 3274 Top.
462 3210 491 3273 9,
501 3211 535 3260 39
554 3210 595 3258 ‘ut
613 3220 685 3270 aqua
699 3204 796 3272 pluuia
809 3204 906 3256 ultimo
926 3220 1027 3271 genere
1041 3221 1075 3257 ea
1090 3210 1141 3270 est,
1161 3222 1232 3272 quae
1245 3207 1279 3258 de
1293 3208 1371 3259 coelo

228 3282 344 3352 ueniens
363 3293 464 3344 crescit
481 3293 576 3356 imbri,
595 3291 645 3342 sed
662 3289 787 3358 propior,
806 3292 835 3341 iu
854 3305 908 3357 quo
926 3290 1006 3356 quasi
1022 3291 1066 3342 ius
1080 3290 1193 3343 arcendi
1205 3293 1372 3356 continetur,

228 3394 315 3445 genus
334 3383 377 3430 est
396 3392 468 3442 aqua
486 3377 582 3443 pluuia
600 3390 717 3436 nocens,
737 3377 795 3442 eius
814 3375 924 3442 generis
943 3377 1048 3428 formae
1067 3377 1122 3429 loci
1143 3376 1214 3429 uitio
1238 3382 1266 3428 et
1288 3394 1372 3428 manu

228 3478 345 3525 nocens,
365 3477 478 3528 quorum
497 3461 613 3512 alterurn
630 3461 741 3511 iubetur
759 3461 793 3510 ab
813 3461 916 3513 arbitro
937 3463 1073 3526 coerceri,
1092 3462 1210 3514 alterum
1227 3477 1283 3514 non
1295 3463 1371 3514 iube·

228 3551 290 3601 tur!
326 3547 363 3598 ef.
381 3547 447 3614 Dig.
466 3549 509 3609 39,
528 3549 544 3597 3
562 3545 673 3612 passim.
1141 3565 1143 3568 ·

296 3653 320 3702 9.
338 3649 376 3700 ci.
394 3649 526 3714 Pompon.
547 3647 568 3699 l.
587 3647 703 3699 XXXIV
727 3647 762 3698 ad
780 3645 920 3699 Sabinum.
945 3650 979 3698 D.
998 3651 1045 3711 43,
1063 3650 1109 3706 ai,
1128 3651 1143 3698 2
1168 3648 1215 3700 ‘Si
1238 3649 1320 3700 arbor
1334 3666 1372 3700 ex
1400 3723 1401 3726 Ἴ

226 3735 315 3786 tricini
333 3734 418 3786 fundo
435 3737 521 3785 uento
537 3733 674 3796 inclinata
691 3733 721 3782 in
738 3735 814 3783 tuum
833 3732 947 3783 fundum
965 3733 1015 3796 sit,
1035 3749 1068 3784 ex
1085 3732 1149 3799 lege
1166 3731 1371 3785 duodecimta-

226 3817 356 3872 bularum
374 3819 408 3870 de
428 3818 574 3870 adimenda
593 3833 627 3868 ea
644 3823 720 3868 recte
736 3833 819 3882 agere
837 3821 917 3882 potes
935 3819 979 3868 ius
993 3819 1019 3869 ei
1031 3833 1085 3870 non
1105 3833 1166 3869 esse
1184 3820 1225 3868 ita
1244 3820 1371 3870 arborem

153 3937 167 3960 x
228 3901 354 3956 habere’
389 3905 490 3955 Festus
508 3920 535 3969 p.
548 3904 598 3956 348
616 3901 653 3952 Μ.
673 3901 837 3954 ‘Sublucare
857 3903 969 3954 arbores
989 3907 1032 3954 est
1049 3919 1140 3954 ramos
1160 3918 1252 3954 earum
1270 3919 1371 3970 suppu-

228 3995 298 4042 tare’
317 4006 342 4042 e.
362 4005 388 4054 q.
407 4004 430 4040 e.
450 3987 656 4054 (Paulusvsent.
674 3989 699 4039 V
717 3988 742 4052 6,
762 3988 814 4051 13.)

297 4095 336 4144 10.
357 4092 418 4143 Gai.
437 4091 507 4144 LIV
525 4091 569 4140 ad.
588 4090 674 4141 1.in
691 4089 857 4142 tabularum.
876 4092 911 4142 D.
924 4092 966 4155 50,
987 4092 1026 4154 16,
1045 4091 1094 4142 236
1113 4091 1155 4150 §1
1175 4088 1304 4141 ‘Glandis
1321 4106 1371 4158 ap·

227 4177 382 4243 pellatione
401 4177 488 4228 omnis
506 4176 617 4240 *fructus
641 4176 812 4241 continetur,
831 4179 864 4225 ut
878 4175 1026 4227 Iauolenus
1046 4175 1098 4238 ait,
1124 4173 1250 4239 exemplo
1271 4175 1373 4226 Graeci

227 4263 374 4328 sermonis,
388 4259 461 4327 apud
480 4260 550 4325 quoa
567 4276 659 4312 omnes
678 4261 805 4311 arborum
824 4261 931 4327 species
948 4258 1089 4324 ἀκρόδρυα
1107 4259 1307 4324 appellantur!
1334 4261 1370 4314 of.

227 4347 317 4398 Glosa.
336 4346 427 4401 Labb.
445 4343 535 4398 ‘clane
554 4345 661 4396 claudis
681 4341 818 4406 βάλανος]
