<?xml version="1.0" encoding="UTF-8"?>
<!DOCTYPE html PUBLIC "-//W3C//DTD XHTML 1.0 Transitional//EN"
    "http://www.w3.org/TR/xhtml1/DTD/xhtml1-transitional.dtd">
<html xmlns="http://www.w3.org/1999/xhtml" xml:lang="en" lang="en">
 <head>
  <title>
</title>
<meta http-equiv="Content-Type" content="text/html;charset=utf-8" />
  <meta name='ocr-system' content='tesseract 3.04.00' />
  <meta name='ocr-capabilities' content='ocr_page ocr_carea ocr_par ocr_line ocrx_word'/>
</head>
<body>
  <div class='ocr_page' id='page_1' title='image "./legisdvodecimta02schgoog/legisdvodecimta02schgoog_0150.png"; bbox 0 0 3282 4970; ppageno 0'>
   <div class='ocr_carea' id='block_1_1' title="bbox 652 248 1433 341">
    <p class='ocr_par' dir='ltr' id='par_1_1' title="bbox 652 248 1433 341">
     <span class='ocr_line' id='line_1_1' title="bbox 652 248 1433 341; baseline 0.012 -8"><span class='ocrx_word' id='word_1_1' title='bbox 652 282 983 333; x_wconf 67' lang='lat' dir='ltr'>mmum=</span> <span class='ocrx_word' id='word_1_2' title='bbox 1296 248 1433 341; x_wconf 20' lang='lat' dir='ltr'>m*</span> 
     </span>
    </p>
   </div>
   <div class='ocr_carea' id='block_1_2' title="bbox 121 434 1354 522">
    <p class='ocr_par' dir='ltr' id='par_1_2' title="bbox 121 434 1354 522">
     <span class='ocr_line' id='line_1_2' title="bbox 121 434 1354 522; baseline 0.006 -21"><span class='ocrx_word' id='word_1_3' title='bbox 121 510 123 512; x_wconf 44' lang='grc'><strong>,</strong></span> <span class='ocrx_word' id='word_1_4' title='bbox 211 434 414 506; x_wconf 85' lang='lat' dir='ltr'>tabularum:¹</span> <span class='ocrx_word' id='word_1_5' title='bbox 449 454 589 522; x_wconf 88' lang='lat' dir='ltr'>namque</span> <span class='ocrx_word' id='word_1_6' title='bbox 617 435 834 502; x_wconf 77' lang='lat' dir='ltr'>coheredibus</span> <span class='ocrx_word' id='word_1_7' title='bbox 862 437 1047 506; x_wconf 85' lang='lat' dir='ltr'>uolentibus</span> <span class='ocrx_word' id='word_1_8' title='bbox 1081 464 1101 506; x_wconf 90' lang='lat' dir='ltr'>a</span> <span class='ocrx_word' id='word_1_9' title='bbox 1128 444 1354 509; x_wconf 90' lang='lat' dir='ltr'>communione</span> 
     </span>
    </p>
   </div>
   <div class='ocr_carea' id='block_1_3' title="bbox 210 537 1354 724">
    <p class='ocr_par' dir='ltr' id='par_1_3' title="bbox 210 537 1354 724">
     <span class='ocr_line' id='line_1_3' title="bbox 211 537 1354 627; baseline 0.009 -26"><span class='ocrx_word' id='word_1_10' title='bbox 211 537 379 602; x_wconf 80' lang='lat' dir='ltr'>discedere</span> <span class='ocrx_word' id='word_1_11' title='bbox 402 538 623 602; x_wconf 89' lang='lat' dir='ltr'>necessarium</span> <span class='ocrx_word' id='word_1_12' title='bbox 648 537 824 604; x_wconf 83' lang='lat' dir='ltr'>uidebatur</span> <span class='ocrx_word' id='word_1_13' title='bbox 849 539 992 627; x_wconf 91' lang='lat' dir='ltr'>aliquam</span> <span class='ocrx_word' id='word_1_14' title='bbox 1015 543 1177 609; x_wconf 74' lang='lat' dir='ltr'>actionem</span> <span class='ocrx_word' id='word_1_15' title='bbox 1200 547 1354 612; x_wconf 87' lang='lat' dir='ltr'>constitui</span> 
     </span>
     <span class='ocr_line' id='line_1_4' title="bbox 210 638 1135 724; baseline 0.009 -23"><span class='ocrx_word' id='word_1_16' title='bbox 210 660 275 724; x_wconf 85' lang='lat' dir='ltr'>qua</span> <span class='ocrx_word' id='word_1_17' title='bbox 296 639 381 703; x_wconf 86' lang='lat' dir='ltr'>inter</span> <span class='ocrx_word' id='word_1_18' title='bbox 403 661 457 704; x_wconf 89' lang='lat' dir='ltr'>eos</span> <span class='ocrx_word' id='word_1_19' title='bbox 480 661 533 704; x_wconf 87' lang='lat' dir='ltr'>res</span> <span class='ocrx_word' id='word_1_20' title='bbox 555 638 774 706; x_wconf 82' lang='lat' dir='ltr'>hereditariae</span> <span class='ocrx_word' id='word_1_21' title='bbox 788 640 1135 722; x_wconf 67' lang='lat' dir='ltr'>,distribuerentur.&#39;&#39;&#39;</span> 
     </span>
    </p>
   </div>
   <div class='ocr_carea' id='block_1_4' title="bbox 645 927 913 995">
    <p class='ocr_par' dir='ltr' id='par_1_4' title="bbox 645 927 913 995">
     <span class='ocr_line' id='line_1_5' title="bbox 645 927 913 995; baseline 0 -1"><span class='ocrx_word' id='word_1_22' title='bbox 645 927 832 994; x_wconf 85' lang='lat' dir='ltr'><strong>TABVLA</strong></span> <span class='ocrx_word' id='word_1_23' title='bbox 852 929 913 995; x_wconf 89' lang='lat' dir='ltr'>VI.</span> 
     </span>
    </p>
   </div>
   <div class='ocr_carea' id='block_1_5' title="bbox 739 1114 821 1179">
    <p class='ocr_par' dir='ltr' id='par_1_5' title="bbox 739 1114 821 1179">
     <span class='ocr_line' id='line_1_6' title="bbox 739 1114 821 1179; baseline 0 -1"><span class='ocrx_word' id='word_1_24' title='bbox 739 1115 768 1178; x_wconf 91' lang='grc'>1.</span> <span class='ocrx_word' id='word_1_25' title='bbox 790 1114 821 1179; x_wconf 82' lang='grc'>2.</span> 
     </span>
    </p>
   </div>
   <div class='ocr_carea' id='block_1_6' title="bbox 205 1237 1373 1434">
    <p class='ocr_par' dir='ltr' id='par_1_6' title="bbox 205 1237 1373 1434">
     <span class='ocr_line' id='line_1_7' title="bbox 292 1237 1373 1335; baseline 0.006 -19"><span class='ocrx_word' id='word_1_26' title='bbox 292 1268 363 1316; x_wconf 86' lang='lat' dir='ltr'>cun</span> <span class='ocrx_word' id='word_1_27' title='bbox 385 1267 507 1332; x_wconf 77' lang='lat' dir='ltr'>aarum</span> <span class='ocrx_word' id='word_1_28' title='bbox 529 1267 656 1316; x_wconf 73' lang='lat' dir='ltr'>sacrm</span> <span class='ocrx_word' id='word_1_29' title='bbox 677 1267 962 1335; x_wconf 76' lang='lat' dir='ltr'>nsncrrrvuovn,</span> <span class='ocrx_word' id='word_1_30' title='bbox 984 1271 1044 1318; x_wconf 79' lang='lat' dir='ltr'>vri</span> <span class='ocrx_word' id='word_1_31' title='bbox 1067 1271 1199 1321; x_wconf 66' lang='lat' dir='ltr'>musve</span> <span class='ocrx_word' id='word_1_32' title='bbox 1221 1237 1373 1322; x_wconf 76' lang='lat' dir='ltr'>nvncv-¹</span> 
     </span>
     <span class='ocr_line' id='line_1_8' title="bbox 205 1339 927 1434; baseline 0.001 -17"><span class='ocrx_word' id='word_1_33' title='bbox 205 1369 343 1434; x_wconf 80' lang='lat' dir='ltr'>rsssrr,</span> <span class='ocrx_word' id='word_1_34' title='bbox 367 1370 624 1420; x_wconf 77' lang='lat' dir='ltr'>1rs1vsssr0.</span> <span class='ocrx_word' id='word_1_35' title='bbox 820 1363 824 1382; x_wconf 68' lang='lat'><strong><em>¹</em></strong></span> <span class='ocrx_word' id='word_1_36' title='bbox 924 1339 927 1346; x_wconf 72' lang='grc'>’</span> 
     </span>
    </p>
   </div>
   <div class='ocr_carea' id='block_1_7' title="bbox 204 1436 1436 1668">
    <p class='ocr_par' dir='ltr' id='par_1_7' title="bbox 204 1436 1436 1668">
     <span class='ocr_line' id='line_1_9' title="bbox 290 1436 1436 1553; baseline 0.002 -15"><span class='ocrx_word' id='word_1_37' title='bbox 290 1471 406 1538; x_wconf 80' lang='lat' dir='ltr'>Cicero</span> <span class='ocrx_word' id='word_1_38' title='bbox 430 1471 470 1538; x_wconf 91' lang='lat' dir='ltr'>de</span> <span class='ocrx_word' id='word_1_39' title='bbox 493 1473 546 1538; x_wconf 84' lang='lat' dir='ltr'>off.</span> <span class='ocrx_word' id='word_1_40' title='bbox 568 1471 623 1537; x_wconf 91' lang='lat' dir='ltr'>III</span> <span class='ocrx_word' id='word_1_41' title='bbox 646 1472 699 1553; x_wconf 88' lang='grc'>16,</span> <span class='ocrx_word' id='word_1_42' title='bbox 722 1471 773 1538; x_wconf 83' lang='grc'>65.</span> <span class='ocrx_word' id='word_1_43' title='bbox 804 1472 906 1538; x_wconf 81' lang='lat' dir='ltr'>‘Nam</span> <span class='ocrx_word' id='word_1_44' title='bbox 928 1436 1002 1538; x_wconf 84' lang='lat' dir='ltr'>cum</span> <span class='ocrx_word' id='word_1_45' title='bbox 1029 1497 1072 1540; x_wconf 85' lang='lat' dir='ltr'>ex</span> <span class='ocrx_word' id='word_1_46' title='bbox 1100 1476 1274 1544; x_wconf 84' lang='lat' dir='ltr'>duodecim</span> <span class='ocrx_word' id='word_1_47' title='bbox 1301 1490 1349 1545; x_wconf 85' lang='lat' dir='ltr'>ta·</span> <span class='ocrx_word' id='word_1_48' title='bbox 1432 1527 1436 1540; x_wconf 91' lang='lat'>..</span> 
     </span>
     <span class='ocr_line' id='line_1_10' title="bbox 204 1573 1410 1668; baseline 0.006 -29"><span class='ocrx_word' id='word_1_49' title='bbox 204 1573 395 1649; x_wconf 86' lang='lat' dir='ltr'>bulis-satis</span> <span class='ocrx_word' id='word_1_50' title='bbox 418 1585 506 1640; x_wconf 87' lang='lat' dir='ltr'>esset</span> <span class='ocrx_word' id='word_1_51' title='bbox 528 1595 567 1639; x_wconf 88' lang='lat' dir='ltr'>ea</span> <span class='ocrx_word' id='word_1_52' title='bbox 587 1574 751 1660; x_wconf 87' lang='lat' dir='ltr'>praestari</span> <span class='ocrx_word' id='word_1_53' title='bbox 772 1595 855 1659; x_wconf 88' lang='lat' dir='ltr'>quae</span> <span class='ocrx_word' id='word_1_54' title='bbox 877 1586 987 1641; x_wconf 88' lang='lat' dir='ltr'>essent</span> <span class='ocrx_word' id='word_1_55' title='bbox 1014 1575 1126 1662; x_wconf 87' lang='lat' dir='ltr'>lingua</span> <span class='ocrx_word' id='word_1_56' title='bbox 1151 1591 1350 1668; x_wconf 87' lang='lat' dir='ltr'>nuncupata,</span> <span class='ocrx_word' id='word_1_57' title='bbox 1407 1592 1410 1598; x_wconf 83' lang='lat'><em>&#39;</em></span> 
     </span>
    </p>
   </div>
   <div class='ocr_carea' id='block_1_8' title="bbox 98 1673 1374 1767">
    <p class='ocr_par' dir='ltr' id='par_1_8' title="bbox 98 1673 1374 1767">
     <span class='ocr_line' id='line_1_11' title="bbox 98 1673 1374 1767; baseline 0.006 -26"><span class='ocrx_word' id='word_1_58' title='bbox 98 1726 103 1732; x_wconf 81' lang='grc'>.</span> <span class='ocrx_word' id='word_1_59' title='bbox 204 1673 306 1764; x_wconf 83' lang='lat' dir='ltr'>quae</span> <span class='ocrx_word' id='word_1_60' title='bbox 341 1678 416 1767; x_wconf 81' lang='lat' dir='ltr'>qui¹</span> <span class='ocrx_word' id='word_1_61' title='bbox 442 1677 651 1743; x_wconf 86' lang='lat' dir='ltr'>infitiatus</span> <span class='ocrx_word' id='word_1_62' title='bbox 679 1687 803 1758; x_wconf 89' lang='lat' dir='ltr'>esset,</span> <span class='ocrx_word' id='word_1_63' title='bbox 837 1676 952 1763; x_wconf 92' lang='lat' dir='ltr'>dupli</span> <span class='ocrx_word' id='word_1_64' title='bbox 979 1702 1146 1765; x_wconf 91' lang='lat' dir='ltr'>poenam</span> <span class='ocrx_word' id='word_1_65' title='bbox 1175 1681 1374 1766; x_wconf 84' lang='lat' dir='ltr'>subiret,-</span> 
     </span>
    </p>
   </div>
   <div class='ocr_carea' id='block_1_9' title="bbox 205 1779 1249 1865">
    <p class='ocr_par' dir='ltr' id='par_1_9' title="bbox 205 1779 1249 1865">
     <span class='ocr_line' id='line_1_12' title="bbox 205 1779 1249 1865; baseline 0.004 -21"><span class='ocrx_word' id='word_1_66' title='bbox 205 1802 227 1844; x_wconf 89' lang='lat' dir='ltr'>a</span> <span class='ocrx_word' id='word_1_67' title='bbox 248 1779 488 1846; x_wconf 87' lang='lat' dir='ltr'>iurisconsultis</span> <span class='ocrx_word' id='word_1_68' title='bbox 512 1779 611 1844; x_wconf 86' lang='lat' dir='ltr'>ctiam</span> <span class='ocrx_word' id='word_1_69' title='bbox 633 1779 823 1844; x_wconf 79' lang='lat' dir='ltr'>reticentiae</span> <span class='ocrx_word' id='word_1_70' title='bbox 845 1801 952 1865; x_wconf 86' lang='lat' dir='ltr'>poena</span> <span class='ocrx_word' id='word_1_71' title='bbox 975 1791 1025 1846; x_wconf 90' lang='lat' dir='ltr'>est</span> <span class='ocrx_word' id='word_1_72' title='bbox 1046 1783 1249 1850; x_wconf 66' lang='lat' dir='ltr'>constituta?</span> 
     </span>
    </p>
   </div>
   <div class='ocr_carea' id='block_1_10' title="bbox 201 2069 1349 2559">
    <p class='ocr_par' dir='ltr' id='par_1_10' title="bbox 201 2069 1349 2559">
     <span class='ocr_line' id='line_1_13' title="bbox 203 2069 1349 2124; baseline 0 0"><span class='ocrx_word' id='word_1_73' title='bbox 203 2073 322 2124; x_wconf 88' lang='lat' dir='ltr'>dietum:</span> <span class='ocrx_word' id='word_1_74' title='bbox 351 2071 423 2123; x_wconf 86' lang='lat' dir='ltr'>unde</span> <span class='ocrx_word' id='word_1_75' title='bbox 447 2075 475 2121; x_wconf 87' lang='lat' dir='ltr'>et</span> <span class='ocrx_word' id='word_1_76' title='bbox 502 2069 680 2121; x_wconf 84' lang='lat' dir='ltr'>erciscendae</span> <span class='ocrx_word' id='word_1_77' title='bbox 703 2073 731 2119; x_wconf 89' lang='lat' dir='ltr'>et</span> <span class='ocrx_word' id='word_1_78' title='bbox 754 2069 864 2118; x_wconf 87' lang='lat' dir='ltr'>ercisci.</span> <span class='ocrx_word' id='word_1_79' title='bbox 898 2070 983 2120; x_wconf 89' lang='lat' dir='ltr'>citum</span> <span class='ocrx_word' id='word_1_80' title='bbox 1004 2073 1097 2122; x_wconf 85' lang='lat' dir='ltr'>autem</span> <span class='ocrx_word' id='word_1_81' title='bbox 1115 2069 1160 2123; x_wconf 83' lang='lat' dir='ltr'>&#39;est</span> <span class='ocrx_word' id='word_1_82' title='bbox 1180 2076 1310 2124; x_wconf 87' lang='lat' dir='ltr'>uocatum</span> <span class='ocrx_word' id='word_1_83' title='bbox 1332 2090 1349 2124; x_wconf 87' lang='lat' dir='ltr'>a</span> 
     </span>
     <span class='ocr_line' id='line_1_14' title="bbox 204 2153 1348 2218; baseline 0 -10"><span class='ocrx_word' id='word_1_84' title='bbox 204 2156 324 2212; x_wconf 63' lang='lat' dir='ltr'>ciendo)</span> <span class='ocrx_word' id='word_1_85' title='bbox 361 2155 470 2207; x_wconf 82' lang='lat' dir='ltr'>Gellius</span> <span class='ocrx_word' id='word_1_86' title='bbox 487 2155 522 2206; x_wconf 81' lang='grc' dir='ltr'>Ν.</span> <span class='ocrx_word' id='word_1_87' title='bbox 534 2155 592 2204; x_wconf 85' lang='grc' dir='ltr'>Α.Ι</span> <span class='ocrx_word' id='word_1_88' title='bbox 609 2156 635 2216; x_wconf 84' lang='grc'>9,</span> <span class='ocrx_word' id='word_1_89' title='bbox 651 2155 682 2203; x_wconf 83' lang='grc'>12</span> <span class='ocrx_word' id='word_1_90' title='bbox 704 2157 858 2218; x_wconf 85' lang='lat' dir='ltr'>‘tamquam</span> <span class='ocrx_word' id='word_1_91' title='bbox 878 2153 946 2205; x_wconf 89' lang='lat' dir='ltr'>illud</span> <span class='ocrx_word' id='word_1_92' title='bbox 964 2154 1018 2204; x_wconf 88' lang='lat' dir='ltr'>fuit</span> <span class='ocrx_word' id='word_1_93' title='bbox 1031 2155 1154 2206; x_wconf 90' lang='lat' dir='ltr'>anticum</span> <span class='ocrx_word' id='word_1_94' title='bbox 1171 2159 1348 2218; x_wconf 81' lang='lat' dir='ltr'>consortium,</span> 
     </span>
     <span class='ocr_line' id='line_1_15' title="bbox 203 2239 1348 2308; baseline 0.001 -16"><span class='ocrx_word' id='word_1_95' title='bbox 203 2242 275 2308; x_wconf 89' lang='lat' dir='ltr'>quod</span> <span class='ocrx_word' id='word_1_96' title='bbox 292 2245 352 2292; x_wconf 85' lang='lat' dir='ltr'>iure</span> <span class='ocrx_word' id='word_1_97' title='bbox 371 2244 454 2306; x_wconf 86' lang='lat' dir='ltr'>atque</span> <span class='ocrx_word' id='word_1_98' title='bbox 473 2239 558 2291; x_wconf 89' lang='lat' dir='ltr'>uerbo</span> <span class='ocrx_word' id='word_1_99' title='bbox 577 2254 689 2290; x_wconf 90' lang='lat' dir='ltr'>romano</span> <span class='ocrx_word' id='word_1_100' title='bbox 709 2239 905 2304; x_wconf 85' lang='lat' dir='ltr'>appellabatur</span> <span class='ocrx_word' id='word_1_101' title='bbox 923 2243 1014 2290; x_wconf 79' lang='lat' dir='ltr'>‘creto</span> <span class='ocrx_word' id='word_1_102' title='bbox 1033 2255 1087 2290; x_wconf 92' lang='lat' dir='ltr'>non</span> <span class='ocrx_word' id='word_1_103' title='bbox 1106 2243 1182 2292; x_wconf 89' lang='lat' dir='ltr'>eito.’</span> <span class='ocrx_word' id='word_1_104' title='bbox 1221 2242 1348 2293; x_wconf 84' lang='lat' dir='ltr'>Donatus</span> 
     </span>
     <span class='ocr_line' id='line_1_16' title="bbox 203 2321 1348 2393; baseline 0 -16"><span class='ocrx_word' id='word_1_105' title='bbox 203 2342 249 2393; x_wconf 91' lang='lat' dir='ltr'>ap.</span> <span class='ocrx_word' id='word_1_106' title='bbox 263 2326 389 2377; x_wconf 82' lang='lat' dir='ltr'>Seruium</span> <span class='ocrx_word' id='word_1_107' title='bbox 407 2325 443 2374; x_wconf 88' lang='lat' dir='ltr'>ad</span> <span class='ocrx_word' id='word_1_108' title='bbox 460 2328 527 2374; x_wconf 86' lang='lat' dir='ltr'>Aen.</span> <span class='ocrx_word' id='word_1_109' title='bbox 545 2324 612 2374; x_wconf 88' lang='lat' dir='ltr'><strong>VIII</strong></span> <span class='ocrx_word' id='word_1_110' title='bbox 630 2324 679 2374; x_wconf 81' lang='lat'>642</span> <span class='ocrx_word' id='word_1_111' title='bbox 698 2324 788 2374; x_wconf 82' lang='lat' dir='ltr'>‘citae</span> <span class='ocrx_word' id='word_1_112' title='bbox 807 2321 914 2375; x_wconf 82' lang='lat' dir='ltr'>dinisac</span> <span class='ocrx_word' id='word_1_113' title='bbox 934 2328 964 2374; x_wconf 90' lang='lat' dir='ltr'>ut</span> <span class='ocrx_word' id='word_1_114' title='bbox 982 2325 1072 2374; x_wconf 87' lang='lat' dir='ltr'>estin</span> <span class='ocrx_word' id='word_1_115' title='bbox 1091 2325 1164 2375; x_wconf 87' lang='lat' dir='ltr'>inre:</span> <span class='ocrx_word' id='word_1_116' title='bbox 1184 2329 1275 2377; x_wconf 83' lang='lat' dir='ltr'>‘arcto</span> <span class='ocrx_word' id='word_1_117' title='bbox 1293 2341 1348 2377; x_wconf 89' lang='lat' dir='ltr'>non</span> 
     </span>
     <span class='ocr_line' id='line_1_17' title="bbox 203 2398 1347 2478; baseline -0.001 -15"><span class='ocrx_word' id='word_1_118' title='bbox 203 2413 280 2466; x_wconf 90' lang='lat' dir='ltr'>cito.’</span> <span class='ocrx_word' id='word_1_119' title='bbox 325 2398 395 2473; x_wconf 71' lang='lat' dir='ltr'>Quae</span> <span class='ocrx_word' id='word_1_120' title='bbox 422 2417 504 2459; x_wconf 81' lang='lat' dir='ltr'>tumen</span> <span class='ocrx_word' id='word_1_121' title='bbox 528 2411 623 2458; x_wconf 82' lang='lat' dir='ltr'>rectius</span> <span class='ocrx_word' id='word_1_122' title='bbox 644 2411 680 2458; x_wconf 82' lang='lat' dir='ltr'>ed</span> <span class='ocrx_word' id='word_1_123' title='bbox 703 2410 766 2473; x_wconf 76' lang='lat' dir='ltr'>lepis</span> <span class='ocrx_word' id='word_1_124' title='bbox 786 2409 910 2478; x_wconf 78' lang='lat' dir='ltr'>actionem</span> <span class='ocrx_word' id='word_1_125' title='bbox 933 2410 1092 2473; x_wconf 78' lang='lat' dir='ltr'>referuntur.</span> <span class='ocrx_word' id='word_1_126' title='bbox 1124 2411 1158 2474; x_wconf 77' lang='lat' dir='ltr'>cf.</span> <span class='ocrx_word' id='word_1_127' title='bbox 1182 2411 1233 2462; x_wconf 76' lang='lat' dir='ltr'>Gir,</span> <span class='ocrx_word' id='word_1_128' title='bbox 1255 2413 1287 2462; x_wconf 81' lang='lat' dir='ltr'>de</span> <span class='ocrx_word' id='word_1_129' title='bbox 1308 2427 1347 2463; x_wconf 85' lang='lat' dir='ltr'>or.</span> 
     </span>
     <span class='ocr_line' id='line_1_18' title="bbox 201 2493 1347 2559; baseline -0.002 -11"><span class='ocrx_word' id='word_1_130' title='bbox 201 2497 219 2548; x_wconf 94' lang='lat' dir='ltr'><strong>I</strong></span> <span class='ocrx_word' id='word_1_131' title='bbox 240 2501 285 2556; x_wconf 79' lang='lat'>56,</span> <span class='ocrx_word' id='word_1_132' title='bbox 306 2500 367 2548; x_wconf 86' lang='lat'><strong><em>237.</em></strong></span> <span class='ocrx_word' id='word_1_133' title='bbox 409 2493 511 2545; x_wconf 85' lang='lat' dir='ltr'>Omnino</span> <span class='ocrx_word' id='word_1_134' title='bbox 532 2494 645 2559; x_wconf 74' lang='lat' dir='ltr'>fanatice</span> <span class='ocrx_word' id='word_1_135' title='bbox 672 2494 838 2543; x_wconf 79' lang='lat' dir='ltr'>erciscrmdae</span> <span class='ocrx_word' id='word_1_136' title='bbox 861 2495 887 2543; x_wconf 85' lang='lat' dir='ltr'>in</span> <span class='ocrx_word' id='word_1_137' title='bbox 910 2493 971 2543; x_wconf 84' lang='lat' dir='ltr'>XII</span> <span class='ocrx_word' id='word_1_138' title='bbox 994 2496 1093 2544; x_wconf 82' lang='lat' dir='ltr'>diserta</span> <span class='ocrx_word' id='word_1_139' title='bbox 1116 2497 1207 2548; x_wconf 83' lang='lat' dir='ltr'>mentio</span> <span class='ocrx_word' id='word_1_140' title='bbox 1230 2497 1347 2547; x_wconf 69' lang='lat' dir='ltr'>astitisse</span> 
     </span>
    </p>
   </div>
   <div class='ocr_carea' id='block_1_11' title="bbox 201 2583 378 2634">
    <p class='ocr_par' dir='ltr' id='par_1_11' title="bbox 201 2583 378 2634">
     <span class='ocr_line' id='line_1_19' title="bbox 201 2583 378 2634; baseline 0.017 -2"><span class='ocrx_word' id='word_1_141' title='bbox 201 2595 252 2634; x_wconf 80' lang='lat' dir='ltr'>noc</span> <span class='ocrx_word' id='word_1_142' title='bbox 270 2583 378 2634; x_wconf 82' lang='lat' dir='ltr'>videtur.</span> 
     </span>
    </p>
   </div>
   <div class='ocr_carea' id='block_1_12' title="bbox 198 2697 1348 3782">
    <p class='ocr_par' dir='ltr' id='par_1_12' title="bbox 198 2697 1348 3782">
     <span class='ocr_line' id='line_1_20' title="bbox 270 2697 1346 2764; baseline 0.001 -14"><span class='ocrx_word' id='word_1_143' title='bbox 270 2702 294 2753; x_wconf 90' lang='lat'>1.</span> <span class='ocrx_word' id='word_1_144' title='bbox 318 2700 419 2749; x_wconf 82' lang='lat' dir='ltr'>Festus</span> <span class='ocrx_word' id='word_1_145' title='bbox 436 2699 530 2764; x_wconf 77' lang='lat' dir='ltr'>p.·1i3</span> <span class='ocrx_word' id='word_1_146' title='bbox 548 2697 585 2748; x_wconf 89' lang='lat' dir='ltr'>M.</span> <span class='ocrx_word' id='word_1_147' title='bbox 609 2697 793 2762; x_wconf 83' lang='lat' dir='ltr'>‘Nuncupata</span> <span class='ocrx_word' id='word_1_148' title='bbox 810 2697 931 2761; x_wconf 89' lang='lat' dir='ltr'>pecunia</span> <span class='ocrx_word' id='word_1_149' title='bbox 955 2700 1010 2761; x_wconf 86' lang='lat' dir='ltr'>est,</span> <span class='ocrx_word' id='word_1_150' title='bbox 1033 2701 1064 2747; x_wconf 90' lang='lat' dir='ltr'>ut</span> <span class='ocrx_word' id='word_1_151' title='bbox 1085 2699 1127 2749; x_wconf 82' lang='lat' dir='ltr'>ait</span> <span class='ocrx_word' id='word_1_152' title='bbox 1145 2697 1259 2749; x_wconf 81' lang='lat' dir='ltr'>Cincius</span> <span class='ocrx_word' id='word_1_153' title='bbox 1280 2700 1311 2749; x_wconf 92' lang='lat' dir='ltr'>in</span> <span class='ocrx_word' id='word_1_154' title='bbox 1327 2698 1346 2752; x_wconf 93' lang='lat' dir='ltr'>l.</span> 
     </span>
     <span class='ocr_line' id='line_1_21' title="bbox 200 2780 1348 2850; baseline -0.002 -14"><span class='ocrx_word' id='word_1_155' title='bbox 200 2786 229 2836; x_wconf 92' lang='lat'>11</span> <span class='ocrx_word' id='word_1_156' title='bbox 247 2784 281 2834; x_wconf 87' lang='lat' dir='ltr'>ds</span> <span class='ocrx_word' id='word_1_157' title='bbox 299 2783 392 2835; x_wconf 86' lang='lat' dir='ltr'>officio</span> <span class='ocrx_word' id='word_1_158' title='bbox 409 2780 613 2846; x_wconf 86' lang='lat' dir='ltr'>iurisconsulti,</span> <span class='ocrx_word' id='word_1_159' title='bbox 631 2783 900 2844; x_wconf 62' lang='lat' dir='ltr'>nominatascerta,</span> <span class='ocrx_word' id='word_1_160' title='bbox 920 2781 1076 2832; x_wconf 90' lang='lat' dir='ltr'>nominibus</span> <span class='ocrx_word' id='word_1_161' title='bbox 1094 2784 1211 2848; x_wconf 89' lang='lat' dir='ltr'>propriis</span> <span class='ocrx_word' id='word_1_162' title='bbox 1228 2800 1348 2850; x_wconf 88' lang='lat' dir='ltr'>pronun·</span> 
     </span>
     <span class='ocr_line' id='line_1_22' title="bbox 200 2866 1346 2933; baseline 0.001 -13"><span class='ocrx_word' id='word_1_163' title='bbox 200 2871 287 2920; x_wconf 85' lang='lat' dir='ltr'>tiata:</span> <span class='ocrx_word' id='word_1_164' title='bbox 311 2873 397 2920; x_wconf 82' lang='lat' dir='ltr'>‘cum</span> <span class='ocrx_word' id='word_1_165' title='bbox 417 2911 423 2922; x_wconf 86' lang='lat'>.</span> <span class='ocrx_word' id='word_1_166' title='bbox 442 2905 449 2919; x_wconf 88' lang='lat'><strong>.</strong></span> <span class='ocrx_word' id='word_1_167' title='bbox 470 2904 501 2919; x_wconf 86' lang='lat'>..</span> <span class='ocrx_word' id='word_1_168' title='bbox 524 2866 628 2929; x_wconf 90' lang='lat' dir='ltr'>idest,</span> <span class='ocrx_word' id='word_1_169' title='bbox 652 2868 694 2918; x_wconf 90' lang='lat' dir='ltr'>uti</span> <span class='ocrx_word' id='word_1_170' title='bbox 715 2867 864 2918; x_wconf 85' lang='lat' dir='ltr'>nominarit</span> <span class='ocrx_word' id='word_1_171' title='bbox 886 2866 1029 2918; x_wconf 87' lang='lat' dir='ltr'>locutusue</span> <span class='ocrx_word' id='word_1_172' title='bbox 1050 2869 1117 2933; x_wconf 86' lang='lat' dir='ltr'>erit,</span> <span class='ocrx_word' id='word_1_173' title='bbox 1139 2869 1179 2918; x_wconf 86' lang='lat' dir='ltr'>ita</span> <span class='ocrx_word' id='word_1_174' title='bbox 1203 2869 1246 2919; x_wconf 88' lang='lat' dir='ltr'>ius</span> <span class='ocrx_word' id='word_1_175' title='bbox 1265 2873 1346 2921; x_wconf 87' lang='lat' dir='ltr'>estc.’</span> 
     </span>
     <span class='ocr_line' id='line_1_23' title="bbox 204 2951 1347 3018; baseline 0.001 -14"><span class='ocrx_word' id='word_1_176' title='bbox 204 2953 264 3006; x_wconf 87' lang='lat' dir='ltr'>Cic.</span> <span class='ocrx_word' id='word_1_177' title='bbox 283 2953 317 3004; x_wconf 90' lang='lat' dir='ltr'>de</span> <span class='ocrx_word' id='word_1_178' title='bbox 337 2969 375 3006; x_wconf 89' lang='lat' dir='ltr'>or.</span> <span class='ocrx_word' id='word_1_179' title='bbox 394 2953 408 3007; x_wconf 89' lang='lat' dir='ltr'>l</span> <span class='ocrx_word' id='word_1_180' title='bbox 426 2954 468 3018; x_wconf 74' lang='lat'>57,</span> <span class='ocrx_word' id='word_1_181' title='bbox 486 2954 536 3003; x_wconf 82' lang='lat'>245</span> <span class='ocrx_word' id='word_1_182' title='bbox 555 2951 678 3017; x_wconf 76' lang='lat' dir='ltr'>‘lapides</span> <span class='ocrx_word' id='word_1_183' title='bbox 696 2951 853 3012; x_wconf 82' lang='lat' dir='ltr'>mehercule</span> <span class='ocrx_word' id='word_1_184' title='bbox 871 2967 965 3004; x_wconf 87' lang='lat' dir='ltr'>omues</span> <span class='ocrx_word' id='word_1_185' title='bbox 983 2952 1047 3004; x_wconf 87' lang='lat' dir='ltr'>flere</span> <span class='ocrx_word' id='word_1_186' title='bbox 1066 2968 1100 3002; x_wconf 87' lang='lat' dir='ltr'>ac</span> <span class='ocrx_word' id='word_1_187' title='bbox 1118 2953 1267 3004; x_wconf 85' lang='lat' dir='ltr'>lamentari</span> <span class='ocrx_word' id='word_1_188' title='bbox 1285 2969 1347 3005; x_wconf 86' lang='lat' dir='ltr'>coc·</span> 
     </span>
     <span class='ocr_line' id='line_1_24' title="bbox 200 3035 1346 3105; baseline 0.002 -17"><span class='ocrx_word' id='word_1_189' title='bbox 200 3040 305 3105; x_wconf 86' lang='lat' dir='ltr'>gisset,</span> <span class='ocrx_word' id='word_1_190' title='bbox 326 3042 356 3090; x_wconf 94' lang='lat' dir='ltr'>ut</span> <span class='ocrx_word' id='word_1_191' title='bbox 375 3042 463 3088; x_wconf 89' lang='lat' dir='ltr'>totum</span> <span class='ocrx_word' id='word_1_192' title='bbox 483 3035 552 3087; x_wconf 90' lang='lat' dir='ltr'>illud</span> <span class='ocrx_word' id='word_1_193' title='bbox 575 3037 641 3086; x_wconf 80' lang='lat' dir='ltr'>‘uti</span> <span class='ocrx_word' id='word_1_194' title='bbox 666 3036 782 3102; x_wconf 82' lang='lat' dir='ltr'>lingua</span> <span class='ocrx_word' id='word_1_195' title='bbox 805 3037 1048 3102; x_wconf 82' lang='lat' dir='ltr'>nuncupassit’</span> <span class='ocrx_word' id='word_1_196' title='bbox 1072 3053 1128 3087; x_wconf 92' lang='lat' dir='ltr'>non</span> <span class='ocrx_word' id='word_1_197' title='bbox 1149 3037 1178 3086; x_wconf 90' lang='lat' dir='ltr'>in</span> <span class='ocrx_word' id='word_1_198' title='bbox 1201 3037 1346 3090; x_wconf 83' lang='lat' dir='ltr'>duodecim</span> 
     </span>
     <span class='ocr_line' id='line_1_25' title="bbox 203 3119 1346 3188; baseline 0 -14"><span class='ocrx_word' id='word_1_199' title='bbox 203 3124 321 3186; x_wconf 86' lang='lat' dir='ltr'>tabulis,</span> <span class='ocrx_word' id='word_1_200' title='bbox 346 3139 413 3188; x_wconf 88' lang='lat' dir='ltr'>quas</span> <span class='ocrx_word' id='word_1_201' title='bbox 436 3122 617 3176; x_wconf 86' lang='lat' dir='ltr'>¹tuomnibus</span> <span class='ocrx_word' id='word_1_202' title='bbox 640 3119 818 3171; x_wconf 83' lang='lat' dir='ltr'>bibliothecis</span> <span class='ocrx_word' id='word_1_203' title='bbox 841 3121 997 3186; x_wconf 85' lang='lat' dir='ltr'>anteponis,</span> <span class='ocrx_word' id='word_1_204' title='bbox 1023 3122 1072 3172; x_wconf 88' lang='lat' dir='ltr'>sed</span> <span class='ocrx_word' id='word_1_205' title='bbox 1094 3122 1124 3170; x_wconf 91' lang='lat' dir='ltr'>in</span> <span class='ocrx_word' id='word_1_206' title='bbox 1141 3123 1267 3188; x_wconf 84' lang='lat' dir='ltr'>magistri</span> <span class='ocrx_word' id='word_1_207' title='bbox 1286 3139 1346 3174; x_wconf 89' lang='lat' dir='ltr'>car-</span> 
     </span>
     <span class='ocr_line' id='line_1_26' title="bbox 199 3204 1346 3274; baseline -0.002 -14"><span class='ocrx_word' id='word_1_208' title='bbox 199 3210 272 3260; x_wconf 89' lang='lat' dir='ltr'>mine</span> <span class='ocrx_word' id='word_1_209' title='bbox 293 3209 424 3274; x_wconf 84' lang='lat' dir='ltr'>scriptum</span> <span class='ocrx_word' id='word_1_210' title='bbox 443 3206 603 3256; x_wconf 65' lang='lat' dir='ltr'>uideretur)</span> <span class='ocrx_word' id='word_1_211' title='bbox 641 3205 677 3255; x_wconf 86' lang='lat' dir='ltr'>ct.</span> <span class='ocrx_word' id='word_1_212' title='bbox 696 3206 783 3255; x_wconf 87' lang='lat' dir='ltr'>Varro</span> <span class='ocrx_word' id='word_1_213' title='bbox 801 3204 836 3255; x_wconf 87' lang='lat' dir='ltr'>de</span> <span class='ocrx_word' id='word_1_214' title='bbox 852 3205 884 3258; x_wconf 92' lang='lat' dir='ltr'>L.</span> <span class='ocrx_word' id='word_1_215' title='bbox 902 3207 933 3258; x_wconf 93' lang='lat' dir='ltr'>L.</span> <span class='ocrx_word' id='word_1_216' title='bbox 954 3206 992 3256; x_wconf 89' lang='lat' dir='ltr'>VI</span> <span class='ocrx_word' id='word_1_217' title='bbox 1009 3207 1043 3257; x_wconf 86' lang='grc'>60</span> <span class='ocrx_word' id='word_1_218' title='bbox 1061 3205 1241 3273; x_wconf 78' lang='lat' dir='ltr'>‘Nuncupare</span> <span class='ocrx_word' id='word_1_219' title='bbox 1259 3209 1346 3258; x_wconf 89' lang='lat' dir='ltr'>nomi·</span> 
     </span>
     <span class='ocr_line' id='line_1_27' title="bbox 200 3289 1345 3356; baseline -0.003 -12"><span class='ocrx_word' id='word_1_220' title='bbox 200 3309 268 3346; x_wconf 86' lang='lat' dir='ltr'>nare</span> <span class='ocrx_word' id='word_1_221' title='bbox 291 3293 388 3343; x_wconf 87' lang='lat' dir='ltr'>ualere</span> <span class='ocrx_word' id='word_1_222' title='bbox 413 3295 530 3356; x_wconf 84' lang='lat' dir='ltr'>apparet</span> <span class='ocrx_word' id='word_1_223' title='bbox 559 3291 586 3338; x_wconf 91' lang='lat' dir='ltr'>in</span> <span class='ocrx_word' id='word_1_224' title='bbox 610 3289 731 3356; x_wconf 82' lang='lat' dir='ltr'>legibus,</span> <span class='ocrx_word' id='word_1_225' title='bbox 760 3289 809 3339; x_wconf 90' lang='lat' dir='ltr'>nbi</span> <span class='ocrx_word' id='word_1_226' title='bbox 831 3294 1009 3355; x_wconf 84' lang='lat' dir='ltr'>nuncupatae</span> <span class='ocrx_word' id='word_1_227' title='bbox 1032 3293 1169 3355; x_wconf 82' lang='lat' dir='ltr'>pecuniae</span> <span class='ocrx_word' id='word_1_228' title='bbox 1193 3296 1257 3342; x_wconf 87' lang='lat' dir='ltr'>sunt</span> <span class='ocrx_word' id='word_1_229' title='bbox 1279 3293 1345 3343; x_wconf 88' lang='lat' dir='ltr'>scri-</span> 
     </span>
     <span class='ocr_line' id='line_1_28' title="bbox 199 3373 1345 3444; baseline -0.001 -15"><span class='ocrx_word' id='word_1_230' title='bbox 199 3381 287 3444; x_wconf 65' lang='lat' dir='ltr'>ptae!</span> <span class='ocrx_word' id='word_1_231' title='bbox 325 3376 386 3428; x_wconf 82' lang='lat' dir='ltr'>Gai.</span> <span class='ocrx_word' id='word_1_232' title='bbox 404 3376 471 3426; x_wconf 85' lang='lat' dir='ltr'>Inst.</span> <span class='ocrx_word' id='word_1_233' title='bbox 489 3375 518 3424; x_wconf 95' lang='lat' dir='ltr'>II</span> <span class='ocrx_word' id='word_1_234' title='bbox 536 3376 593 3425; x_wconf 87' lang='lat'>104.</span> <span class='ocrx_word' id='word_1_235' title='bbox 612 3374 651 3424; x_wconf 90' lang='lat' dir='ltr'>Id.</span> <span class='ocrx_word' id='word_1_236' title='bbox 671 3373 690 3424; x_wconf 86' lang='lat' dir='ltr'>l.</span> <span class='ocrx_word' id='word_1_237' title='bbox 709 3375 752 3424; x_wconf 92' lang='lat' dir='ltr'>III</span> <span class='ocrx_word' id='word_1_238' title='bbox 770 3373 804 3422; x_wconf 85' lang='lat' dir='ltr'>ad</span> <span class='ocrx_word' id='word_1_239' title='bbox 822 3374 841 3426; x_wconf 91' lang='lat' dir='ltr'>l.</span> <span class='ocrx_word' id='word_1_240' title='bbox 859 3375 913 3425; x_wconf 87' lang='lat' dir='ltr'>XII</span> <span class='ocrx_word' id='word_1_241' title='bbox 930 3374 1096 3429; x_wconf 83' lang='lat' dir='ltr'>tabularum.</span> <span class='ocrx_word' id='word_1_242' title='bbox 1113 3376 1178 3442; x_wconf 84' lang='lat' dir='ltr'>Dig.</span> <span class='ocrx_word' id='word_1_243' title='bbox 1196 3379 1227 3442; x_wconf 72' lang='lat'>2,</span> <span class='ocrx_word' id='word_1_244' title='bbox 1246 3379 1292 3440; x_wconf 80' lang='lat'>14,</span> <span class='ocrx_word' id='word_1_245' title='bbox 1311 3379 1345 3431; x_wconf 87' lang='grc'>48</span> 
     </span>
     <span class='ocr_line' id='line_1_29' title="bbox 200 3458 1345 3525; baseline 0 -12"><span class='ocrx_word' id='word_1_246' title='bbox 200 3468 209 3495; x_wconf 78' lang='lat'><em>‘</em></span> <span class='ocrx_word' id='word_1_247' title='bbox 216 3464 249 3513; x_wconf 90' lang='lat' dir='ltr'>In</span> <span class='ocrx_word' id='word_1_248' title='bbox 282 3459 476 3512; x_wconf 87' lang='lat' dir='ltr'>traditionibus</span> <span class='ocrx_word' id='word_1_249' title='bbox 510 3475 599 3510; x_wconf 89' lang='lat' dir='ltr'>rerum</span> <span class='ocrx_word' id='word_1_250' title='bbox 633 3458 813 3524; x_wconf 87' lang='lat' dir='ltr'>quodcunque</span> <span class='ocrx_word' id='word_1_251' title='bbox 846 3465 958 3525; x_wconf 88' lang='lat' dir='ltr'>pactum</span> <span class='ocrx_word' id='word_1_252' title='bbox 990 3461 1040 3524; x_wconf 88' lang='lat' dir='ltr'>sit,</span> <span class='ocrx_word' id='word_1_253' title='bbox 1073 3460 1101 3509; x_wconf 90' lang='lat' dir='ltr'>id</span> <span class='ocrx_word' id='word_1_254' title='bbox 1131 3461 1227 3512; x_wconf 88' lang='lat' dir='ltr'>ualere</span> <span class='ocrx_word' id='word_1_255' title='bbox 1257 3462 1345 3514; x_wconf 86' lang='lat' dir='ltr'>mani·</span> 
     </span>
     <span class='ocr_line' id='line_1_30' title="bbox 198 3543 1344 3612; baseline -0.003 -13"><span class='ocrx_word' id='word_1_256' title='bbox 198 3547 379 3599; x_wconf 83' lang='lat' dir='ltr'>festissimum</span> <span class='ocrx_word' id='word_1_257' title='bbox 410 3548 478 3595; x_wconf 89' lang='lat' dir='ltr'>est.’</span> <span class='ocrx_word' id='word_1_258' title='bbox 509 3543 556 3608; x_wconf 78' lang='lat' dir='ltr'>(de</span> <span class='ocrx_word' id='word_1_259' title='bbox 586 3561 634 3610; x_wconf 83' lang='lat' dir='ltr'>quo</span> <span class='ocrx_word' id='word_1_260' title='bbox 659 3546 710 3595; x_wconf 73' lang='lat' dir='ltr'>vici.</span> <span class='ocrx_word' id='word_1_261' title='bbox 737 3543 911 3606; x_wconf 78' lang='lat' dir='ltr'>Gothofredus</span> <span class='ocrx_word' id='word_1_262' title='bbox 931 3548 958 3612; x_wconf 74' lang='lat' dir='ltr'>in</span> <span class='ocrx_word' id='word_1_263' title='bbox 982 3545 1043 3596; x_wconf 84' lang='lat' dir='ltr'>Not.</span> <span class='ocrx_word' id='word_1_264' title='bbox 1073 3545 1159 3609; x_wconf 84' lang='lat' dir='ltr'>brev.)</span> <span class='ocrx_word' id='word_1_265' title='bbox 1209 3547 1344 3598; x_wconf 87' lang='lat' dir='ltr'>Boethius</span> 
     </span>
     <span class='ocr_line' id='line_1_31' title="bbox 200 3627 1343 3696; baseline -0.002 -13"><span class='ocrx_word' id='word_1_266' title='bbox 200 3633 235 3683; x_wconf 85' lang='lat' dir='ltr'>ad</span> <span class='ocrx_word' id='word_1_267' title='bbox 254 3631 313 3684; x_wconf 80' lang='lat' dir='ltr'>cie.</span> <span class='ocrx_word' id='word_1_268' title='bbox 331 3631 398 3696; x_wconf 90' lang='lat' dir='ltr'>Top.</span> <span class='ocrx_word' id='word_1_269' title='bbox 419 3629 461 3679; x_wconf 91' lang='lat' dir='ltr'>IlI</span> <span class='ocrx_word' id='word_1_270' title='bbox 480 3627 574 3696; x_wconf 78' lang='lat' dir='ltr'>p.&#39;322</span> <span class='ocrx_word' id='word_1_271' title='bbox 596 3629 643 3679; x_wconf 90' lang='lat' dir='ltr'>Or.</span> <span class='ocrx_word' id='word_1_272' title='bbox 666 3629 774 3679; x_wconf 79' lang='lat' dir='ltr'>‘Nexus</span> <span class='ocrx_word' id='word_1_273' title='bbox 799 3643 865 3679; x_wconf 90' lang='lat' dir='ltr'>uero</span> <span class='ocrx_word' id='word_1_274' title='bbox 889 3634 931 3680; x_wconf 87' lang='lat' dir='ltr'>ost</span> <span class='ocrx_word' id='word_1_275' title='bbox 956 3629 1090 3693; x_wconf 86' lang='lat' dir='ltr'>quaedam</span> <span class='ocrx_word' id='word_1_276' title='bbox 1112 3631 1179 3680; x_wconf 88' lang='lat' dir='ltr'>iuris</span> <span class='ocrx_word' id='word_1_277' title='bbox 1204 3629 1343 3682; x_wconf 89' lang='lat' dir='ltr'>sollemni-</span> 
     </span>
     <span class='ocr_line' id='line_1_32' title="bbox 199 3706 1344 3782; baseline -0.001 -15"><span class='ocrx_word' id='word_1_278' title='bbox 199 3723 243 3769; x_wconf 84' lang='lat' dir='ltr'>tas</span> <span class='ocrx_word' id='word_1_279' title='bbox 317 3755 350 3770; x_wconf 92' lang='lat'>..</span> <span class='ocrx_word' id='word_1_280' title='bbox 389 3715 576 3779; x_wconf 80' lang='lat' dir='ltr'>Quaecunque</span> <span class='ocrx_word' id='word_1_281' title='bbox 600 3715 686 3780; x_wconf 84' lang='lat' dir='ltr'>igitur</span> <span class='ocrx_word' id='word_1_282' title='bbox 708 3728 751 3764; x_wconf 89' lang='lat' dir='ltr'>res</span> <span class='ocrx_word' id='word_1_283' title='bbox 774 3713 837 3778; x_wconf 83' lang='lat' dir='ltr'>lege</span> <span class='ocrx_word' id='word_1_284' title='bbox 861 3712 914 3765; x_wconf 88' lang='lat' dir='ltr'>XII</span> <span class='ocrx_word' id='word_1_285' title='bbox 937 3706 1095 3766; x_wconf 88' lang='lat' dir='ltr'>tabularum</span> <span class='ocrx_word' id='word_1_286' title='bbox 1115 3715 1197 3765; x_wconf 89' lang='lat' dir='ltr'>aliter</span> <span class='ocrx_word' id='word_1_287' title='bbox 1217 3715 1273 3766; x_wconf 89' lang='lat' dir='ltr'>nisi</span> <span class='ocrx_word' id='word_1_288' title='bbox 1295 3731 1344 3782; x_wconf 89' lang='lat' dir='ltr'>per</span> 
     </span>
    </p>
   </div>
   <div class='ocr_carea' id='block_1_13' title="bbox 199 3799 1440 3865">
    <p class='ocr_par' dir='ltr' id='par_1_13' title="bbox 199 3799 1440 3865">
     <span class='ocr_line' id='line_1_33' title="bbox 199 3799 1440 3865; baseline -0.001 -13"><span class='ocrx_word' id='word_1_289' title='bbox 199 3803 272 3853; x_wconf 88' lang='lat' dir='ltr'>hanc</span> <span class='ocrx_word' id='word_1_290' title='bbox 304 3800 520 3854; x_wconf 87' lang='lat' dir='ltr'>sollemnitatem</span> <span class='ocrx_word' id='word_1_291' title='bbox 552 3799 709 3850; x_wconf 86' lang='lat' dir='ltr'>abalienari</span> <span class='ocrx_word' id='word_1_292' title='bbox 742 3813 796 3848; x_wconf 91' lang='lat' dir='ltr'>non</span> <span class='ocrx_word' id='word_1_293' title='bbox 827 3801 963 3864; x_wconf 82' lang='lat' dir='ltr'>poterat’</span> <span class='ocrx_word' id='word_1_294' title='bbox 1012 3800 1124 3865; x_wconf 83' lang='lat' dir='ltr'>Fragm.</span> <span class='ocrx_word' id='word_1_295' title='bbox 1151 3799 1243 3863; x_wconf 80' lang='lat' dir='ltr'>Vatic.</span> <span class='ocrx_word' id='word_1_296' title='bbox 1270 3801 1285 3862; x_wconf 67' lang='grc' dir='ltr'><strong>ἕ</strong></span> <span class='ocrx_word' id='word_1_297' title='bbox 1311 3801 1344 3851; x_wconf 81' lang='lat'>50</span> <span class='ocrx_word' id='word_1_298' title='bbox 1437 3809 1440 3814; x_wconf 84' lang='lat'>&#39;</span> 
     </span>
    </p>
   </div>
   <div class='ocr_carea' id='block_1_14' title="bbox 198 3883 1341 4021">
    <p class='ocr_par' dir='ltr' id='par_1_14' title="bbox 198 3883 1341 4021">
     <span class='ocr_line' id='line_1_34' title="bbox 199 3883 1341 3952; baseline 0 -16"><span class='ocrx_word' id='word_1_299' title='bbox 199 3885 281 3952; x_wconf 75' lang='lat' dir='ltr'>‘quia</span> <span class='ocrx_word' id='word_1_300' title='bbox 304 3891 332 3936; x_wconf 90' lang='lat' dir='ltr'>et</span> <span class='ocrx_word' id='word_1_301' title='bbox 353 3885 586 3951; x_wconf 86' lang='lat' dir='ltr'>mancipationem</span> <span class='ocrx_word' id='word_1_302' title='bbox 605 3888 633 3935; x_wconf 87' lang='lat' dir='ltr'>et</span> <span class='ocrx_word' id='word_1_303' title='bbox 649 3885 679 3934; x_wconf 91' lang='lat' dir='ltr'>in</span> <span class='ocrx_word' id='word_1_304' title='bbox 696 3884 755 3935; x_wconf 89' lang='lat' dir='ltr'>iure</span> <span class='ocrx_word' id='word_1_305' title='bbox 775 3884 929 3934; x_wconf 87' lang='lat' dir='ltr'>cessionem</span> <span class='ocrx_word' id='word_1_306' title='bbox 953 3883 998 3935; x_wconf 87' lang='lat' dir='ltr'>lex</span> <span class='ocrx_word' id='word_1_307' title='bbox 1015 3883 1071 3936; x_wconf 79' lang='lat' dir='ltr'>XII</span> <span class='ocrx_word' id='word_1_308' title='bbox 1095 3883 1253 3935; x_wconf 85' lang='lat' dir='ltr'>tabularum</span> <span class='ocrx_word' id='word_1_309' title='bbox 1278 3900 1341 3936; x_wconf 87' lang='lat' dir='ltr'>con-</span> 
     </span>
     <span class='ocr_line' id='line_1_35' title="bbox 198 3973 313 4021; baseline -0.009 0"><span class='ocrx_word' id='word_1_310' title='bbox 198 3973 296 4021; x_wconf 85' lang='lat' dir='ltr'>firmat.</span> <span class='ocrx_word' id='word_1_311' title='bbox 305 3974 313 3999; x_wconf 91' lang='lat'>&#39;</span> 
     </span>
    </p>
   </div>
   <div class='ocr_carea' id='block_1_15' title="bbox 198 4195 1343 4372">
    <p class='ocr_par' dir='ltr' id='par_1_15' title="bbox 198 4195 1343 4372">
     <span class='ocr_line' id='line_1_36' title="bbox 235 4195 1343 4303; baseline 0.002 -19"><span class='ocrx_word' id='word_1_312' title='bbox 235 4195 240 4202; x_wconf 30' lang='grc'><em>,</em></span> <span class='ocrx_word' id='word_1_313' title='bbox 285 4231 311 4284; x_wconf 93' lang='lat'>1.</span> <span class='ocrx_word' id='word_1_314' title='bbox 328 4231 508 4302; x_wconf 83' lang='lat' dir='ltr'>nuncupassit</span> <span class='ocrx_word' id='word_1_315' title='bbox 524 4228 688 4286; x_wconf 81' lang='lat' dir='ltr'>Manutius:</span> <span class='ocrx_word' id='word_1_316' title='bbox 703 4211 890 4303; x_wconf 84' lang='lat' dir='ltr'>nuncupasset</span> <span class='ocrx_word' id='word_1_317' title='bbox 901 4229 981 4286; x_wconf 83' lang='lat' dir='ltr'>Festi</span> <span class='ocrx_word' id='word_1_318' title='bbox 993 4229 1056 4285; x_wconf 83' lang='lat' dir='ltr'>cod.</span> <span class='ocrx_word' id='word_1_319' title='bbox 1073 4235 1100 4286; x_wconf 85' lang='lat' dir='ltr'>et</span> <span class='ocrx_word' id='word_1_320' title='bbox 1114 4227 1258 4285; x_wconf 79' lang='lat' dir='ltr'>Ciceronis</span> <span class='ocrx_word' id='word_1_321' title='bbox 1269 4228 1343 4286; x_wconf 82' lang='lat' dir='ltr'>libri.</span> 
     </span>
     <span class='ocr_line' id='line_1_37' title="bbox 198 4313 1221 4372; baseline 0.002 -3"><span class='ocrx_word' id='word_1_322' title='bbox 198 4321 278 4371; x_wconf 80' lang='lat' dir='ltr'>costo</span> <span class='ocrx_word' id='word_1_323' title='bbox 293 4315 372 4370; x_wconf 81' lang='lat' dir='ltr'>Festi</span> <span class='ocrx_word' id='word_1_324' title='bbox 385 4315 447 4372; x_wconf 81' lang='lat' dir='ltr'>cod.</span> <span class='ocrx_word' id='word_1_325' title='bbox 725 4313 727 4320; x_wconf 88' lang='lat'>&#39;</span> <span class='ocrx_word' id='word_1_326' title='bbox 1219 4317 1221 4322; x_wconf 68' lang='grc'><em>“</em></span> 
     </span>
    </p>
   </div>
   <div class='ocr_carea' id='block_1_16' title="bbox 0 0 1646 4970">
    <p class='ocr_par' dir='ltr' id='par_1_16' title="bbox 0 0 1646 4970">
     <span class='ocr_line' id='line_1_38' title="bbox 0 0 1646 4970; baseline 0 4"><span class='ocrx_word' id='word_1_327' title='bbox 0 0 1646 4970; x_wconf 95' lang='lat' dir='ltr'> </span> 
     </span>
    </p>
   </div>
  </div>
 </body>
</html>
