3282 4970
350 287 398 335 on
421 287 472 334 x11
495 288 708 338 raavcaavar
730 291 907 352 eamqvns
931 290 1218 341 consrrrvnnms.
1317 277 1356 342 91

116 453 119 458 ’
212 443 386 530 pristinam
400 443 548 508 vocalem
563 465 581 508 o
594 443 627 506 in
638 443 821 530 participiis
832 446 917 527 istis,
935 446 1013 510 item
1028 447 1063 510 in
1080 446 1298 513 substantivis
1314 448 1358 513 ad

163 575 164 580 ¹
211 567 296 632 quae
307 545 495 610 referuntur
505 543 621 627 honos,
633 567 734 611 venos
745 546 801 631 (cf.
814 546 904 612 tituli
914 547 1119 634 speculorum
1130 549 1273 614 inPrisc.
1281 550 1357 616 Lat.

210 647 299 713 Mon.
318 669 368 734 ep.
386 647 439 712 XI
454 647 499 712 M.
515 646 584 731 N.),
601 647 726 729 modus,
743 647 860 731 scelus,
876 652 977 715 robus
994 649 1101 735 (Paul.
1112 650 1195 716 Exo.
1208 675 1239 738 p.
1249 652 1313 717 264
1323 677 1356 718 v.

211 748 1356 840 robum)‚funus,vetus(Ledroaofivetus-tascumtempes-tessim.)‚
1433 812 1436 818 .

211 863 350 938 tempus,
362 871 454 934 onus,
468 850 596 934 foedus,
609 873 715 937 augur
730 852 922 939 plerumque
932 855 966 917 in
978 877 1011 935 u,
1024 855 1057 919 in
1070 855 1182 920 verbis
1196 855 1355 922 derivatis
1439 897 1444 905 ·

211 975 324 1018 rursus
341 953 376 1016 in
391 975 408 1017 e
424 962 584 1018 mutatam
599 953 669 1019 sola
683 954 859 1021 roborandi
875 964 907 1019 et
915 954 1101 1020 honorandi
1113 958 1216 1023 verba
1227 993 1268 1005 —-
1280 957 1357 1024 licet

210 1055 245 1118 in
259 1053 398 1121 bociam
410 1064 505 1120 vetus
517 1056 727 1142 participium
740 1057 901 1142 spreverit
915 1097 954 1105 -
964 1069 1191 1125 servaverunt.
1215 1060 1356 1126 Omnino

210 1157 372 1222 vetustior
387 1179 492 1222 sermo
508 1155 681 1220 multorum
699 1158 876 1224 verborum
897 1159 1043 1224 nativam
1059 1161 1200 1246 speciem
1221 1161 1257 1226 in
1271 1183 1357 1244 com:

210 1259 327 1346 positis
343 1259 485 1324 maxime
508 1258 670 1342 integram
686 1267 784 1346 atque
799 1261 955 1325 intactam
971 1261 1116 1348 reliquit,
1138 1285 1224 1349 quae
1244 1273 1357 1347 postea

113 1357 116 1364 '
210 1361 428 1427 innoviciam
450 1359 671 1426 derivatorum
693 1361 865 1427 flexionem
891 1362 984 1429 abiit.
1036 1363 1228 1430 Citiusmodi
1247 1387 1356 1430 exem·

210 1461 299 1549 plum
321 1461 495 1528 finitimum
518 1460 566 1525 illi
592 1461 673 1546 legis
696 1465 806 1548 regiae
827 1467 901 1550 ipsa
922 1465 1150 1530 subministrat
1170 1466 1241 1532 XII
1261 1467 1356 1534 tabu-

211 1562 316 1628 larum
331 1561 386 1628 lex
401 1569 552 1628 ‘vindicet’
570 1562 683 1647 (1113)
701 1566 743 1630 ab
760 1566 943 1652 antiquiore
956 1567 1057 1632 verbo
1071 1567 1276 1642 ‘vindicaret
1293 1569 1314 1632 i.
1327 1591 1354 1633 e.

211 1666 304 1729 ‘vim
326 1665 490 1748 dicere'‚
516 1666 604 1730 unde
626 1668 726 1730 etiam
751 1668 913 1749 vindicta,
936 1668 1061 1734 vindex
1082 1671 1241 1755 originem
1266 1690 1356 1758 repe-

210 1777 292 1832 tunt.
302 1767 326 1852 ¹)
364 1767 449 1832 Nam
464 1769 551 1854 quod
571 1767 619 1834 ibi
640 1791 768 1854 quoque
789 1769 842 1833 vel
862 1771 1106 1837 coniunctivum
1120 1771 1269 1864 Scaliger
1288 1770 1310 1836 l.
1327 1795 1354 1836 c.

209 1868 263 1934 vel
276 1869 424 1934 futurum
440 1878 595 1934 exactum
610 1869 841 1935 Foroelliniani
863 1870 961 1937 lexici
976 1872 1119 1938 editores
1140 1874 1355 1960 interpretan-

210 1980 276 2035 tur:
293 1981 466 2058 utrumque
476 1972 541 2035 iam
552 1973 770 2037 membrorum
782 1971 999 2058 aequabilitas
1012 1983 1118 2040 vetat:
1137 1984 1182 2040 ‘aa'
1191 1981 1356 2042 iudicatam

207 2077 306 2150 fucit
328 2084 380 2136 aut
394 2073 491 2159 qai32)
514 2077 591 2136 endo
605 2094 638 2137 eo
653 2081 684 2138 ia
700 2081 766 2138 ture
780 2081 966 2140 vindicii?
996 2077 1083 2158 Quin
1098 2077 1272 2164 pristinem
1287 2079 1355 2144 vim
1440 2150 1444 2156 .

209 2174 399 2240 vindicandi
424 2174 456 2239 h.
473 2176 494 2239 l.
521 2185 686 2241 servatam
711 2177 922 2262 conspicuam
949 2179 1058 2244 reddit
1078 2180 1152 2264 ipsa
1172 2188 1352 2244 structura:

209 2298 407 2364 quamquam
432 2299 497 2342 non
519 2289 758 2364 perspexerunt
784 2279 890 2344 critici
916 2280 972 2366 qui
998 2280 1099 2345 variis
1125 2280 1354 2347 conaminibus

208 2378 315 2444 locum
340 2372 550 2444 sanissimum
575 2389 738 2444 vexarunt
768 2390 801 2444 et
830 2391 1044 2468 corruperunt
1074 2381 1144 2448 sive
1174 2387 1263 2450 ‘endo
1289 2390 1355 2448 iore

208 2486 302 2546 vind)
318 2481 474 2547 mutando
483 2483 494 2563 ‚'
509 2481 596 2566 quod
613 2480 717 2546 voluit
732 2481 889 2567 Scaliger,
906 2483 975 2548 sive
998 2489 1087 2548 ‘cado
1104 2505 1151 2548 cm
1165 2492 1232 2549 iure
1247 2491 1353 2562 vind.'‚

209 2605 292 2668 quac
319 2591 449 2669 praeter
475 2584 635 2649 rationem
664 2605 790 2648 conexa
813 2584 975 2649 Salmasio
1004 2595 1181 2671 praeeunte
1207 2587 1355 2673 plerique

117 2769 119 2773 ι
209 2705 282 2748 oum
297 2683 380 2769 legis
395 2694 466 2749 tum
481 2682 582 2749 Gellii
598 2685 738 2750 editores
762 2687 961 2771 probarunt,
984 2687 1048 2751 nisi
1064 2688 1153 2774 quod
1168 2695 1264 2752 ‘eom’
1280 2710 1353 2774 pro·

208 2786 282 2872 pius
298 2787 341 2850 ad
362 2786 547 2851 litterarum
569 2785 686 2853 ductus
708 2788 867 2854 accedens
888 2789 1044 2855 Hertzius
1065 2791 1247 2878 proposuit.
1284 2789 1355 2856 Nec

209 2889 317 2975 aptius
334 2893 422 2954 ‘endo
435 2893 479 2952 eo'
496 2890 654 2976 temporis
676 2890 948 2974 significationem
965 2891 1189 2959 Gothofredus
1210 2892 1355 2979 explicat

209 2991 374 3056 ‘interea’z
391 2991 492 3057 immo
508 2992 671 3056 iudicatus
687 2992 925 3076 intellegendus
942 3005 1002 3060 est.
1019 2996 1130 3081 Atque
1146 2999 1234 3060 ‘endo
1248 3013 1283 3059 eo
1296 3001 1354 3059 eim

207 3152 252 3199 tus
271 3163 307 3198 ea·
324 3153 366 3198 est
378 3148 518 3215 proportio
531 3163 601 3213 quae
614 3143 687 3198 inter
700 3151 814 3198 onustus
827 3154 855 3199 et
868 3155 1021 3201 oneratus!
1048 3150 1172 3200 Eandem
1185 3151 1354 3202 seutentiam

208 3233 243 3284 de
260 3238 340 3299 parte
358 3233 453 3284 horum
471 3233 616 3284 verborum
635 3247 722 3299 nuper
744 3235 885 3298 professus
910 3241 953 3286 est
971 3235 1003 3286 G.
1025 3235 1137 3286 Curtius
1155 3237 1184 3286 in
1204 3250 1301 3286 comm.
1319 3235 1352 3286 de

207 3319 335 3386 vestigiis
359 3319 499 3386 coniugat.
522 3319 571 3370 lat.
593 3321 621 3368 in
644 3337 660 3370 o
684 3319 822 3383 symbolis
845 3320 940 3386 philol.
962 3321 1101 3372 Bonnens.
1119 3323 1148 3371 in
1170 3321 1301 3372 honorem
1319 3323 1352 3372 F.

208 3403 354 3456 Ritrchelii
373 3403 433 3456 coll.
446 3405 568 3456 insertae
585 3407 600 3456 Ι
617 3422 643 3471 p.
658 3408 708 3458 274
720 3422 760 3471 sq.
781 3406 932 3471 ‘funestum
952 3407 1086 3458 honestus
1104 3407 1196 3458 haben
1207 3407 1352 3472 gewissor-

208 3505 319 3540 masten
340 3489 369 3539 in
390 3490 502 3540 Verben
523 3491 577 3541 wie
607 3491 757 3556 honorare,
782 3483 931 3554 roborare.
951 3507 1067 3542 onerare
1094 3492 1154 3543 ihre
1180 3492 1289 3558 Stiitae,
1320 3507 1353 3542 nu

208 3573 297 3626 denen
315 3575 355 3626 sie
374 3576 434 3626 sich
452 3574 563 3625 tihnlicb
582 3575 727 3628 verbalten
745 3577 796 3628 wie
815 3578 908 3627 lautus
927 3591 961 3628 au
979 3576 1088 3640 lavare,
1109 3581 1222 3644 saeptus
1240 3593 1274 3628 zu
1292 3592 1352 3628 sae-

208 3660 276 3725 pire.
311 3660 363 3710 Die
382 3651 538 3725 Participia
555 3660 611 3710 und
629 3661 858 3730 participartigen
871 3661 1018 3726 Adjectiva
1036 3662 1126 3728 gehen
1143 3663 1205 3714 hier
1223 3661 1273 3712 auf
1290 3663 1352 3713 eine

207 3744 376 3810 primitivore
395 3743 570 3795 Stammform
589 3747 707 3806 auriink,
732 3746 860 3797 wahrend
883 3747 931 3797 der
949 3745 1170 3798 Prieensetamm
1193 3748 1222 3796 in
1241 3747 1285 3797 die
1304 3747 1351 3796 ab·

208 3829 340 3894 geleiteto
359 3828 545 3896 Oonjugation
563 3831 692 3898 ansbiegt
709 3846 735 3881 u.
755 3847 777 3881 s.
795 3832 827 3883 f.’
1243 3837 1247 3842 “

275 3914 296 3980 1)
315 3916 350 3966 cl.
370 3915 403 3966 0.
422 3914 574 3966 Muellerus
591 3917 621 3968 in
637 3919 707 3970 Mus.
726 3917 803 3967 rhen.
822 3918 872 3968 iur.
892 3918 916 3968 V
936 3919 984 3968 190
1002 3933 1062 3982 sqq.
1092 3919 1241 3984 Perperam
1260 3924 1351 3972 antem

207 4001 289 4052 istam
311 4001 428 4052 formam
447 3999 578 4052 Ciceroni
601 4017 709 4068 quoque
732 4002 874 4074 vindicare
900 4007 1014 4053 conatur
1031 3993 1212 4054 Heinrichius
1235 4003 1271 4052 ad
1293 4003 1351 4054 Cic.

208 4102 245 4137 or.
264 4103 289 4152 p.
309 4085 381 4136 Tull.
400 4103 427 4152 p.
447 4087 487 4137 71.
1200 4098 1204 4105 ·

273 4169 294 4234 ²)
314 4173 410 4238 ‘quipe’
425 4171 525 4234 forma,
546 4172 579 4223 de
593 4187 646 4237 qua
660 4172 813 4224 derivanda
827 4173 929 4223 frustra
942 4159 1085 4238 quaeritur
1098 4174 1145 4236 (ct.
1158 4177 1269 4238 praeter
1283 4173 1352 4224 alios

207 4255 320 4308 Ebelius
334 4257 362 4305 in
376 4256 468 4306 Kuhni
480 4256 578 4309 Annal.
592 4258 629 4310 VI
642 4259 692 4308 208
704 4258 756 4327 sq.)
771 4272 804 4307 ne
816 4273 833 4308 a
843 4257 966 4310 'codicum
980 4259 1089 4328 quidem
1104 4257 1268 4310 auctoritate
1282 4259 1351 4310 benc

208 4341 311 4394 munita
330 4345 381 4401 eet.
