3282 4970
684 258 823 305 unuvun
845 259 893 306 v1.
1252 221 1258 229 ¹
1300 246 1361 310 135

298 513 413 578 Liuius
437 512 565 595 11144,
590 513 639 576 12.
663 411 846 598 ‘postuiunt
866 523 904 594 ut
925 535 993 577 rem
1016 513 1176 597 integram
1198 514 1233 576 in
1256 515 1359 600 patris

214 615 391 700 aduentum
407 613 537 679 differat
553 617 611 698 (sc.
628 615 755 700 Appius
772 613 956 700 Claudius),
975 613 1048 700 lege
1064 615 1192 700 abipso
1208 611 1275 680 lata
1290 617 1358 680 uin·

119 763 123 770 -
214 716 318 780 dicias
341 716 397 780 det
419 715 598 780 secundum
620 714 827 781 libertatem?

720 818 750 881 1.
772 819 801 882 8.
825 817 854 882 9.

298 936 434 986 uiuuvn
455 935 611 985 1vucrvn
633 933 785 986 Aunruvs
807 935 962 984 unusve
990 937 1012 985 u
1035 935 1185 986 seucum
1206 937 1253 984 sn
1280 937 1358 986 son·

214 1039 309 1089 vno.

283 1232 307 1282 6.
325 1230 407 1281 Dion.
417 1227 483 1280 Hal.
493 1228 532 1279 XI
541 1230 574 1280 30
586 1225 670 1278 οὐδέν
683 1225 769 1280 ἀξιῶν
781 1225 849 1278 οὔτε
862 1224 953 1279 ξένιον
965 1226 1033 1280 οὔτε
1046 1227 1062 1280 ὃ
1075 1227 1112 1293 μὴ
1123 1231 1183 1280 τοῖς
1195 1226 1290 1280 ἄλλοι(
1302 1227 1359 1280 ἑπι-

213 1313 319 1369 δέδοται
332 1309 477 1376 Ῥωμαῖοι(
490 1308 605 1377 δίκαιον,
618 1308 642 1364 εἰ
655 1311 700 1362 καὶ
713 1311 749 1375 μὴ
762 1313 845 1363 nucis
855 1309 1026 1378 ineptissime,
1037 1311 1167 1375 εώματοι
1178 1309 1217 1365 εἰ(
1229 1299 1359 1366 δουλείαν

215 1400 243 1454 ἐξ
262 1395 420 1463 ἐλευθερία(
442 1395 581 1460 ἀγομένου
606 1395 642 1459 μὴ
661 1395 714 1446 τὸν
736 1395 947 1462 ἀφαιρούμενον
963 1396 1018 1463 τὴν
1039 1394 1199 1463 ἐλευθερίαν
1217 1396 1290 1450 ἀλλὰ
1306 1397 1359 1449 τὸν

214 1483 397 1550 φυλάττοντα
415 1479 513 1546 κύριον
532 1478 604 1532 εἶναι
621 1479 700 1545 μέχρι
717 1477 802 1545 δίκης.
832 1479 887 1545 ἔφη
905 1495 937 1532 τε
955 1480 998 1533 διὸ
1017 1481 1124 1534 πολλὰ(
1143 1479 1234 1534 uitio(
1252 1481 1356 1547 προεή-

214 1584 273 1624 κειν
290 1571 332 1633 τῷ
353 1563 464 1630 Ἀππίῳ
483 1564 638 1629 φυλάττειν
655 1566 743 1619 τοῦτο
766 1563 801 1616 τὸ
819 1562 938 1618 δίκαιον·
961 1569 1079 1631 πρῶτον
1103 1565 1153 1630 μέν
1176 1566 1220 1619 ὅτι
1236 1565 1289 1620 τὸν
1311 1566 1358 1624 νό-

213 1668 267 1719 μον
283 1655 389 1706 τοῦτον
402 1650 459 1715 ἅμα
470 1655 530 1702 τοῖς
547 1648 642 1702 ἄλλοι(
660 1648 691 1704 ἑν
709 1652 771 1701 ταῖς
783 1647 893 1702 δώδεκα
905 1649 1012 1703 δέλτοι(
1025 1649 1185 1717 ἀνέγραψεν
1197 1651 1257 1702 κτλ
1278 1652 1357 1702 Pom-

212 1755 275 1805 pon.
287 1739 306 1790 l.
320 1736 421 1803 singul.
441 1733 589 1786 euchiridii
606 1735 641 1785 D.
655 1739 678 1798 l,
697 1738 723 1798 2,
742 1737 758 1785 2
776 1736 837 1797 §24
855 1737 979 1787 ‘Initium
997 1736 1084 1788 fuisse
1102 1737 1270 1788 secessionis
1289 1736 1357 1787 dici-

212 1829 257 1876 tur
274 1823 413 1888 Virginius
432 1819 556 1886 quidam,
576 1821 622 1886 qui
641 1835 702 1871 cnm
722 1820 976 1883 animaduertisset,
995 1821 1113 1888 Appium
1127 1821 1272 1872 Claudium
1291 1837 1354 1871 con-

213 1913 256 1960 tra
274 1910 317 1959 ius
336 1907 408 1973 quod
424 1907 484 1970 ipse
503 1920 537 1955 ex
554 1907 651 1956 uetere
669 1906 729 1975 iure
748 1907 777 1954 in
794 1905 940 1956 duodecim
958 1906 1070 1956 tabulas
1092 1905 1277 1957 transtulerat
1297 1907 1357 1956 uin-

213 1989 302 2044 dicias
320 1992 396 2042 filiae
414 2005 482 2041 suae
502 2005 519 2040 s
534 2005 563 2040 se
583 1989 721 2040 sbdixisse
740 1994 769 2040 ct
787 1989 935 2040 secundum
955 2005 1016 2040 eum
1035 1991 1084 2054 qui
1101 1991 1129 2040 in
1143 1991 1306 2043 seruitutem
1320 1991 1355 2040 ab

213 2095 247 2130 eo
265 2077 424 2144 suppositus
442 2076 577 2141 petierat,
597 2075 715 2125 dixisse’
735 2091 757 2125 e.
770 2091 795 2139 q.
810 2089 832 2124 s.
863 2074 961 2125 Liuius
979 2075 1085 2137 11156,
1104 2075 1121 2124 4
1139 2075 1232 2124 ‘unius
1250 2077 1358 2124 tantum

213 2163 350 2225 criminis,
369 2161 425 2212 nisi
448 2159 568 2210 iudicem
587 2159 663 2210 dices
682 2164 710 2210 te
729 2161 764 2210 ab
784 2159 917 2210 libertate
934 2161 964 2210 in
982 2162 1145 2212 seruitutem
1165 2164 1262 2209 contra
1280 2158 1357 2224 leges

211 2247 348 2298 uindicias
366 2261 421 2296 non
439 2244 563 2307 dedisse,
583 2243 648 2294 duci
666 2248 694 2294 te
713 2244 833 2298 iubebo.’
871 2244 906 2294 cf.
926 2246 973 2307 57,
992 2245 1017 2294 6.
1047 2245 1094 2308 44,
1113 2246 1138 2296 5.
1169 2242 1228 2294 Cic.
1247 2243 1281 2294 de
1299 2259 1357 2310 rep.

212 2333 305 2385 11132
324 2333 365 2381 44.
392 2331 493 2380 Festus
512 2346 537 2396 p.
557 2331 606 2382 376
619 2329 656 2382 Μ.
675 2329 825 2382 uindiciae.
852 2327 968 2380 Zaleuci
985 2328 1031 2380 lex
1050 2328 1122 2395 apud
1140 2327 1286 2394 Polybium
1303 2330 1358 2382 XII

213 2418 259 2482 16,
278 2419 302 2466 4.
1223 2429 1227 2434 ¹·

233 2563 236 2568 Ι
281 2500 355 2556 7-9.
373 2501 474 2550 Festus
491 2515 518 2565 p.
532 2500 582 2551 364
593 2498 630 2549 Μ.
649 2499 779 2564 ‘Tignum
797 2513 852 2548 non
870 2499 957 2550 solum
974 2501 1005 2548 in
1022 2499 1156 2551 aedificiis
1176 2513 1227 2564 quo
1244 2502 1357 2551 utuntur

212 2586 379 2655 appellatur,
399 2583 448 2636 sed
461 2584 545 2634 etium
558 2585 587 2633 iu
599 2583 701 2648 uineis,
719 2588 750 2633 ut
762 2584 845 2634 estin
857 2584 923 2635 XII:
943 2584 1099 2650 ‘'I'iguum
1112 2623 1118 2638 .
1132 2622 1139 2636 .
1154 2624 1160 2638 .
1174 2587 1191 2634 .’
1215 2583 1255 2634 Id.
1268 2599 1295 2650 p.
1307 2585 1357 2634 348

211 2673 388 2738 ‘Sarpiuntur
410 2671 527 2732 uineae,
552 2668 580 2718 id
604 2672 646 2718 est
668 2671 811 2734 putantur,
831 2669 909 2718 utin
925 2669 994 2720 XII:
1013 2668 1237 2732 ‘Quandoque
1256 2703 1288 2722 ..
1310 2705 1316 2720 .
1337 2673 1356 2718 .’

211 2745 316 2810 Ριιιιῐυέ
334 2755 353 2806 l.
366 2755 416 2806 XV
428 2754 554 2816 Quaestt.
573 2753 637 2819 Dig.
656 2753 704 2819 46,
722 2757 752 2818 3,
771 2753 804 2804 98
823 2759 890 2804 extr.
910 2753 1047 2821 ‘Denique
1066 2752 1111 2804 lex
1128 2754 1182 2804 XII
1200 2753 1357 2805 tabidarum

210 2844 318 2908 tignum
337 2838 452 2891 aedibus
470 2839 593 2888 Iunctum
617 2829 756 2888 uindicari
777 2853 859 2904 posse
885 2835 1006 2904 sci(ui)t‚
1030 2837 1079 2890 sed
1101 2839 1212 2889 interim
1234 2837 1263 2888 id
1286 2837 1358 2889 solui

211 2926 352 2994 prohibuit
368 2924 542 2990 pretiumque
561 2923 619 2974 eius
639 2922 700 2973 dari
716 2923 826 2973 uoluit!
853 2922 940 2973 Gaius
957 2923 976 2973 l.
995 2923 1024 2974 II
1042 2918 1202 2985 Quotidian.
1229 2923 1293 2989 Dig.
1313 2925 1354 2986 41,

212 3015 241 3072 1,
260 3013 368 3073 7510.
388 3008 434 3072 (id.
451 3008 519 3059 Inst.
539 3011 564 3071 2,
585 3010 598 3057 1
617 3009 632 3069 ἓ
650 3006 693 3071 29)
714 3005 793 3058 ‘Cum
811 3009 841 3058 in
859 3021 909 3058 suo
927 3008 985 3060 solo
1004 3007 1105 3072 aliquis
1124 3007 1219 3057 aliena
1236 3009 1356 3058 materia

212 3095 411 3157 aedificauerit,
429 3095 490 3158 ipsc
508 3093 634 3143 dominus
652 3091 826 3158 intellegitur
842 3091 973 3152 aedificii,
992 3093 1057 3157 quis
1074 3107 1153 3142 omne
1166 3090 1238 3157 quod
1251 3093 1355 3159 inaedi-

211 3182 311 3232 ficatur
329 3179 387 3231 solo
406 3177 488 3230 cedit.
511 3179 569 3229 Nec
589 3183 681 3228 tamen
698 3176 761 3228 ideo
780 3177 804 3228 is
823 3177 870 3243 qui
887 3177 1021 3230 materiae
1040 3176 1165 3227 dominus
1183 3177 1236 3227 fuit
1253 3177 1356 3227 desinit

213 3266 272 3316 eius
290 3262 414 3315 deminus
434 3278 501 3325 esse,
521 3263 570 3313 sed
593 3263 729 3328 tantisper
745 3276 835 3327 neque
853 3262 997 3312 uindicare
1011 3277 1072 3313 eam
1090 3265 1193 3327 potest,
1212 3277 1302 3326 neque
1321 3261 1356 3311 ad

212 3350 395 3402 exhibendum
408 3348 441 3398 de
455 3364 488 3400 ea
502 3345 542 3412 (re
555 3350 616 3400 add.
630 3346 708 3410 Insi.)
723 3362 817 3413 agere,
830 3350 942 3414 propter
953 3345 1042 3412 legem
1056 3345 1109 3398 XII
1122 3346 1286 3410 tabularum,
1301 3362 1356 3410 qua

211 3469 414 3484 *γ’-
426 3482 430 3488 .

297 3541 325 3598 7.
349 3535 478 3617 uinesue]
500 3539 636 3614 uiuosque
659 3538 840 3596 Victorianus
865 3539 987 3596 minerue
1015 3537 1105 3594 Vatis.
1128 3543 1204 3594 1549
1224 3540 1356 3595 nineeeue

212 3626 346 3683 Cuiacius
365 3627 518 3698 uineaeque
539 3623 669 3698 Sculiper
688 3625 726 3680 ui.
746 3626 798 3681 sed
815 3621 856 3695 cf.
878 3623 936 3680 Cic.
958 3625 993 3680 de
1009 3640 1052 3680 or.
1068 3623 1106 3680 ΙΙ
1118 3627 1171 3690 58,
1190 3627 1246 3680 237
1266 3625 1354 3682 Brut.

213 3717 263 3777 44,
283 3716 339 3768 162
358 3712 397 3766 ud
410 3710 468 3767 Au.
483 3709 502 3765 I
518 3714 564 3782 19,
584 3714 601 3766 6
623 3709 728 3782 Vergil.
746 3709 817 3767 Aen.
838 3708 969 3766 V11724
985 3709 1023 3766 ul.
1087 3726 1102 3764 e
1123 3710 1237 3782 connpi
1250 3711 1357 3781 scripsi

213 3797 389 3855 O.Mucllero
404 3799 523 3853 auctore
539 3794 600 3867 (qui
614 3793 758 3870 concepe):
775 3802 803 3850 et
818 3796 944 3868 concepit
959 3794 1026 3850 iibri
1044 3801 1071 3850 et
1086 3809 1209 3868 concupu
1224 3794 1280 3850 Ed.
1296 3794 1354 3850 Au-

209 3883 316 3955 pustini
336 3889 364 3936 et
385 3882 498 3954 concepi
513 3879 678 3938 Maiunsr'us
697 3880 774 3936 Diss.
788 3883 847 3935 iur.
863 3883 902 3934 48
917 3896 945 3934 n.
963 3883 982 3934 4
1011 3896 1026 3934 e
1047 3895 1179 3952 compage
1200 3879 1305 3936 Rosius
1324 3881 1355 3934 in

211 3967 267 4023 Cic.
283 3967 323 4022 ud
332 3966 390 4021 Ait.
406 3965 427 4022 I
439 3968 473 4020 19
483 3966 568 4037 prob.
580 3965 754 4022 Mommseno
768 3966 799 4020 in
814 3964 907 4020 ‘Festi
915 3964 977 4020 cod.
990 3965 1141 4034 quaternio
1155 3963 1185 4019 X
1192 3963 1246 4020 VI'
1259 3981 1292 4034 p.
1307 3968 1353 4020 76.

210 4067 345 4125 concepus
361 4049 492 4124 Sculipur
506 4050 603 4124 copule
618 4066 642 4107 s.
657 4068 718 4108 curn
733 4051 824 4125 capite
839 4049 989 4104 Turnebus
1003 4048 1075 4104 Acin.
1091 4047 1175 4104 XIII
1188 4051 1225 4104 27
1246 4057 1274 4104 et
1289 4064 1354 4104 cou-

211 4139 329 4211 cepitum
347 4127 480 4192 Cuicrcius
499 4134 578 4191 Obss.
595 4135 693 4191 XXII
709 4139 742 4190 11)
764 4136 803 4191 sei
824 4134 951 4208 concepit
968 4133 1136 4190 Husckkins
1158 4132 1259 4188 Uomm.
1278 4134 1318 4189 ud
1333 4135 1352 4188 l.

210 4222 275 4278 XII
291 4221 348 4278 iub.
370 4221 405 4276 dc
426 4223 502 4292 ripun
524 4223 618 4276 iuncto
634 4239 667 4294 p.
685 4225 704 4276 4
731 4221 771 4276 sei
792 4219 905 4274 uiudicit
926 4217 1156 4287 H(eimbuchius)
1178 4221 1207 4272 in
1223 4217 1356 4274 Richteri

209 4307 283 4362 Ann.
299 4309 355 4362 iur.
374 4309 449 4361 1838
461 4321 493 4376 p.
509 4307 575 4361 395.
