<?xml version="1.0" encoding="UTF-8"?>
<!DOCTYPE html PUBLIC "-//W3C//DTD XHTML 1.0 Transitional//EN"
    "http://www.w3.org/TR/xhtml1/DTD/xhtml1-transitional.dtd">
<html xmlns="http://www.w3.org/1999/xhtml" xml:lang="en" lang="en">
 <head>
  <title>
</title>
<meta http-equiv="Content-Type" content="text/html;charset=utf-8" />
  <meta name='ocr-system' content='tesseract 3.04.00' />
  <meta name='ocr-capabilities' content='ocr_page ocr_carea ocr_par ocr_line ocrx_word'/>
</head>
<body>
  <div class='ocr_page' id='page_1' title='image "./legisdvodecimta02schgoog/legisdvodecimta02schgoog_0033.png"; bbox 0 0 3282 4992; ppageno 0'>
   <div class='ocr_carea' id='block_1_1' title="bbox 269 260 982 322">
    <p class='ocr_par' dir='ltr' id='par_1_1' title="bbox 269 260 982 322">
     <span class='ocr_line' id='line_1_1' title="bbox 269 260 982 322; baseline -0.001 -1"><span class='ocrx_word' id='word_1_1' title='bbox 269 260 306 322; x_wconf 80' lang='lat' dir='ltr'><strong>lo</strong></span> <span class='ocrx_word' id='word_1_2' title='bbox 653 283 657 290; x_wconf 94' lang='lat'><em>·</em></span> <span class='ocrx_word' id='word_1_3' title='bbox 693 271 811 318; x_wconf 79' lang='lat' dir='ltr'><strong>onrvr</strong></span> <span class='ocrx_word' id='word_1_4' title='bbox 834 269 982 320; x_wconf 79' lang='lat' dir='ltr'><strong>ralnvn.</strong></span> 
     </span>
    </p>
   </div>
   <div class='ocr_carea' id='block_1_2' title="bbox 198 429 1459 1333">
    <p class='ocr_par' dir='ltr' id='par_1_2' title="bbox 198 429 1459 1333">
     <span class='ocr_line' id='line_1_2' title="bbox 263 429 1423 505; baseline 0.001 -14"><span class='ocrx_word' id='word_1_5' title='bbox 263 437 341 492; x_wconf 80' lang='lat' dir='ltr'><strong>tasse</strong></span> <span class='ocrx_word' id='word_1_6' title='bbox 359 430 498 490; x_wconf 78' lang='lat' dir='ltr'><strong>videatur</strong></span> <span class='ocrx_word' id='word_1_7' title='bbox 515 431 659 505; x_wconf 79' lang='lat' dir='ltr'><strong>immane,</strong></span> <span class='ocrx_word' id='word_1_8' title='bbox 686 429 767 503; x_wconf 75' lang='lat' dir='ltr'><strong>qnod</strong></span> <span class='ocrx_word' id='word_1_9' title='bbox 780 429 818 488; x_wconf 83' lang='lat' dir='ltr'><strong>ab</strong></span> <span class='ocrx_word' id='word_1_10' title='bbox 833 430 951 489; x_wconf 69' lang='lat' dir='ltr'><strong>insertis</strong></span> <span class='ocrx_word' id='word_1_11' title='bbox 965 429 1175 490; x_wconf 81' lang='lat' dir='ltr'><em>lacessentibus</em></span> <span class='ocrx_word' id='word_1_12' title='bbox 1188 429 1314 494; x_wconf 71' lang='lat' dir='ltr'><strong>aonam</strong></span> <span class='ocrx_word' id='word_1_13' title='bbox 1329 433 1423 492; x_wconf 82' lang='lat' dir='ltr'><strong>nattis</strong></span> 
     </span>
     <span class='ocr_line' id='line_1_3' title="bbox 265 532 1420 608; baseline -0.001 -15"><span class='ocrx_word' id='word_1_14' title='bbox 265 535 411 594; x_wconf 85' lang='lat' dir='ltr'><strong>motorum</strong></span> <span class='ocrx_word' id='word_1_15' title='bbox 433 532 616 596; x_wconf 76' lang='lat' dir='ltr'><em>contactibus</em></span> <span class='ocrx_word' id='word_1_16' title='bbox 635 533 801 606; x_wconf 77' lang='lat' dir='ltr'><em>polluatur.</em></span> <span class='ocrx_word' id='word_1_17' title='bbox 846 532 867 592; x_wconf 94' lang='lat' dir='ltr'><em>I</em></span> <span class='ocrx_word' id='word_1_18' title='bbox 870 535 947 593; x_wconf 82' lang='lat' dir='ltr'><strong>ttae</strong></span> <span class='ocrx_word' id='word_1_19' title='bbox 974 534 1067 592; x_wconf 76' lang='lat' dir='ltr'><strong>orion</strong></span> <span class='ocrx_word' id='word_1_20' title='bbox 1090 538 1171 592; x_wconf 83' lang='lat' dir='ltr'><strong>taam</strong></span> <span class='ocrx_word' id='word_1_21' title='bbox 1188 532 1286 608; x_wconf 76' lang='lat' dir='ltr'><strong>flecte.</strong></span> <span class='ocrx_word' id='word_1_22' title='bbox 1324 535 1420 594; x_wconf 79' lang='lat' dir='ltr'><strong>Plora</strong></span> 
     </span>
     <span class='ocr_line' id='line_1_4' title="bbox 265 635 1418 710; baseline 0.001 -15"><span class='ocrx_word' id='word_1_23' title='bbox 265 638 328 695; x_wconf 81' lang='lat' dir='ltr'><strong>illic</strong></span> <span class='ocrx_word' id='word_1_24' title='bbox 343 651 421 710; x_wconf 79' lang='lat' dir='ltr'><strong>quoe</strong></span> <span class='ocrx_word' id='word_1_25' title='bbox 436 635 588 696; x_wconf 82' lang='lat' dir='ltr'><strong>detesteris</strong></span> <span class='ocrx_word' id='word_1_26' title='bbox 602 635 740 707; x_wconf 71' lang='lat' dir='ltr'><strong>inventae,</strong></span> <span class='ocrx_word' id='word_1_27' title='bbox 756 636 852 708; x_wconf 72' lang='lat' dir='ltr'><strong>mapis</strong></span> <span class='ocrx_word' id='word_1_28' title='bbox 866 638 966 694; x_wconf 74' lang='lat' dir='ltr'><strong>wotos</strong></span> <span class='ocrx_word' id='word_1_29' title='bbox 980 641 1044 694; x_wconf 84' lang='lat' dir='ltr'><strong>taos</strong></span> <span class='ocrx_word' id='word_1_30' title='bbox 1055 636 1126 695; x_wconf 83' lang='lat' dir='ltr'><strong>inde</strong></span> <span class='ocrx_word' id='word_1_31' title='bbox 1139 636 1284 707; x_wconf 72' lang='lat' dir='ltr'><strong>desertos.</strong></span> <span class='ocrx_word' id='word_1_32' title='bbox 1308 636 1418 696; x_wconf 82' lang='lat' dir='ltr'><strong>Inci-</strong></span> 
     </span>
     <span class='ocr_line' id='line_1_5' title="bbox 264 729 1459 820; baseline 0.001 -22"><span class='ocrx_word' id='word_1_33' title='bbox 264 755 329 798; x_wconf 86' lang='lat' dir='ltr'><strong>sae</strong></span> <span class='ocrx_word' id='word_1_34' title='bbox 348 739 426 819; x_wconf 80' lang='lat' dir='ltr'><strong>sint</strong></span> <span class='ocrx_word' id='word_1_35' title='bbox 446 739 541 820; x_wconf 74' lang='lat' dir='ltr'><strong>lieet</strong></span> <span class='ocrx_word' id='word_1_36' title='bbox 562 751 663 820; x_wconf 70' lang='lat' dir='ltr'><strong>repes</strong></span> <span class='ocrx_word' id='word_1_37' title='bbox 684 729 882 798; x_wconf 78' lang='lat' dir='ltr'><strong><em>duodecim</em></strong></span> <span class='ocrx_word' id='word_1_38' title='bbox 904 735 1217 813; x_wconf 83' lang='lat' dir='ltr'><strong>tobatisetpabtiee</strong></span> <span class='ocrx_word' id='word_1_39' title='bbox 1232 755 1418 818; x_wconf 80' lang='lat' dir='ltr'><strong>oereproa-</strong></span> <span class='ocrx_word' id='word_1_40' title='bbox 1453 812 1459 819; x_wconf 23' lang='lat'>²</span> 
     </span>
     <span class='ocr_line' id='line_1_6' title="bbox 264 841 1419 918; baseline -0.001 -17"><span class='ocrx_word' id='word_1_41' title='bbox 264 843 328 912; x_wconf 81' lang='lat' dir='ltr'><strong>fiao</strong></span> <span class='ocrx_word' id='word_1_42' title='bbox 342 842 414 900; x_wconf 83' lang='lat' dir='ltr'><strong>iura</strong></span> <span class='ocrx_word' id='word_1_43' title='bbox 425 841 618 916; x_wconf 79' lang='lat' dir='ltr'><strong>praescripta</strong></span> <span class='ocrx_word' id='word_1_44' title='bbox 633 842 709 899; x_wconf 84' lang='lat' dir='ltr'><strong>sint:</strong></span> <span class='ocrx_word' id='word_1_45' title='bbox 732 842 810 900; x_wconf 81' lang='lat' dir='ltr'><strong>inter</strong></span> <span class='ocrx_word' id='word_1_46' title='bbox 831 841 911 914; x_wconf 77' lang='lat' dir='ltr'><strong>tapes</strong></span> <span class='ocrx_word' id='word_1_47' title='bbox 924 841 1012 918; x_wconf 79' lang='lat' dir='ltr'><strong>ipsas</strong></span> <span class='ocrx_word' id='word_1_48' title='bbox 1035 841 1233 918; x_wconf 75' lang='lat' dir='ltr'><strong>delinquatur,</strong></span> <span class='ocrx_word' id='word_1_49' title='bbox 1257 843 1419 902; x_wconf 81' lang='lat' dir='ltr'><strong>interiora</strong></span> 
     </span>
     <span class='ocr_line' id='line_1_7' title="bbox 264 926 1419 1030; baseline -0.002 -26"><span class='ocrx_word' id='word_1_50' title='bbox 264 947 431 1018; x_wconf 62' lang='lat' dir='ltr'><strong>peccetur!</strong></span> <span class='ocrx_word' id='word_1_51' title='bbox 474 937 537 1002; x_wconf 87' lang='lat' dir='ltr'><strong>His</strong></span> <span class='ocrx_word' id='word_1_52' title='bbox 566 938 677 1003; x_wconf 89' lang='lat' dir='ltr'><strong>verbis</strong></span> <span class='ocrx_word' id='word_1_53' title='bbox 704 959 768 1002; x_wconf 92' lang='lat' dir='ltr'><strong>non</strong></span> <span class='ocrx_word' id='word_1_54' title='bbox 791 936 944 1023; x_wconf 86' lang='lat' dir='ltr'><strong>equidem</strong></span> <span class='ocrx_word' id='word_1_55' title='bbox 965 961 1037 1004; x_wconf 89' lang='lat' dir='ltr'><strong>sum</strong></span> <span class='ocrx_word' id='word_1_56' title='bbox 1057 942 1188 1006; x_wconf 68' lang='lat' dir='ltr'><strong>nasum</strong></span> <span class='ocrx_word' id='word_1_57' title='bbox 1204 940 1310 1030; x_wconf 26' lang='lat' dir='ltr'><strong>&#39;fidem</strong></span> <span class='ocrx_word' id='word_1_58' title='bbox 1330 926 1419 1006; x_wconf 80' lang='lat' dir='ltr'><strong>nunc</strong></span> 
     </span>
     <span class='ocr_line' id='line_1_8' title="bbox 198 1038 1418 1130; baseline 0 -24"><span class='ocrx_word' id='word_1_59' title='bbox 198 1043 201 1051; x_wconf 86' lang='lat'>&#39;</span> <span class='ocrx_word' id='word_1_60' title='bbox 242 1045 243 1050; x_wconf 73' lang='grc'>’</span> <span class='ocrx_word' id='word_1_61' title='bbox 268 1043 373 1106; x_wconf 82' lang='lat' dir='ltr'><strong>ferme</strong></span> <span class='ocrx_word' id='word_1_62' title='bbox 383 1041 558 1125; x_wconf 83' lang='lat' dir='ltr'><strong>derogari,</strong></span> <span class='ocrx_word' id='word_1_63' title='bbox 585 1062 660 1104; x_wconf 88' lang='lat' dir='ltr'><strong>oum</strong></span> <span class='ocrx_word' id='word_1_64' title='bbox 680 1039 805 1125; x_wconf 84' lang='lat' dir='ltr'>priores</span> <span class='ocrx_word' id='word_1_65' title='bbox 827 1038 902 1102; x_wconf 84' lang='lat' dir='ltr'><strong>hine</strong></span> <span class='ocrx_word' id='word_1_66' title='bbox 918 1041 1063 1106; x_wconf 85' lang='lat' dir='ltr'><strong>maxime</strong></span> <span class='ocrx_word' id='word_1_67' title='bbox 1090 1043 1154 1126; x_wconf 86' lang='lat' dir='ltr'><strong>sibi</strong></span> <span class='ocrx_word' id='word_1_68' title='bbox 1171 1041 1418 1130; x_wconf 76' lang='lat' dir='ltr'>persuasissent</span> 
     </span>
     <span class='ocr_line' id='line_1_9' title="bbox 264 1139 1413 1229; baseline -0.002 -21"><span class='ocrx_word' id='word_1_69' title='bbox 264 1145 366 1209; x_wconf 88' lang='lat' dir='ltr'><strong>etiam</strong></span> <span class='ocrx_word' id='word_1_70' title='bbox 379 1143 476 1208; x_wconf 88' lang='lat' dir='ltr'><strong>tertio</strong></span> <span class='ocrx_word' id='word_1_71' title='bbox 491 1164 524 1229; x_wconf 89' lang='lat' dir='ltr'><strong>p.</strong></span> <span class='ocrx_word' id='word_1_72' title='bbox 542 1141 618 1207; x_wconf 83' lang='lat' dir='ltr'><strong>Chr.</strong></span> <span class='ocrx_word' id='word_1_73' title='bbox 634 1139 765 1206; x_wconf 85' lang='lat' dir='ltr'><strong>saeeulo</strong></span> <span class='ocrx_word' id='word_1_74' title='bbox 780 1140 851 1205; x_wconf 86' lang='lat' dir='ltr'><strong>XII</strong></span> <span class='ocrx_word' id='word_1_75' title='bbox 866 1140 996 1208; x_wconf 89' lang='lat' dir='ltr'><strong>tabulas</strong></span> <span class='ocrx_word' id='word_1_76' title='bbox 1012 1143 1135 1210; x_wconf 86' lang='lat' dir='ltr'><strong>Romae</strong></span> <span class='ocrx_word' id='word_1_77' title='bbox 1155 1145 1191 1208; x_wconf 90' lang='lat' dir='ltr'><strong>in</strong></span> <span class='ocrx_word' id='word_1_78' title='bbox 1209 1146 1283 1210; x_wconf 85' lang='lat' dir='ltr'><strong>foro</strong></span> <span class='ocrx_word' id='word_1_79' title='bbox 1306 1143 1413 1208; x_wconf 86' lang='lat' dir='ltr'><strong>fuisse</strong></span> 
     </span>
     <span class='ocr_line' id='line_1_10' title="bbox 265 1238 1413 1333; baseline -0.003 -22"><span class='ocrx_word' id='word_1_80' title='bbox 265 1245 427 1331; x_wconf 80' lang='lat' dir='ltr'><strong>affixas.¹)</strong></span> <span class='ocrx_word' id='word_1_81' title='bbox 469 1245 618 1326; x_wconf 75' lang='lat' dir='ltr'><strong>Quorum</strong></span> <span class='ocrx_word' id='word_1_82' title='bbox 642 1238 825 1329; x_wconf 81' lang='lat' dir='ltr'><strong>utrumqne·</strong></span> <span class='ocrx_word' id='word_1_83' title='bbox 847 1252 937 1308; x_wconf 85' lang='lat' dir='ltr'><strong>earet</strong></span> <span class='ocrx_word' id='word_1_84' title='bbox 966 1243 1086 1320; x_wconf 86' lang='lat' dir='ltr'><strong>idonea</strong></span> <span class='ocrx_word' id='word_1_85' title='bbox 1115 1247 1413 1333; x_wconf 74' lang='lat' dir='ltr'><strong>argumentatione.</strong></span> 
     </span>
    </p>
   </div>
   <div class='ocr_carea' id='block_1_3' title="bbox 188 1345 1558 1434">
    <p class='ocr_par' dir='ltr' id='par_1_3' title="bbox 188 1345 1558 1434">
     <span class='ocr_line' id='line_1_11' title="bbox 188 1345 1558 1434; baseline -0.004 -20"><span class='ocrx_word' id='word_1_86' title='bbox 188 1383 191 1390; x_wconf 91' lang='lat'>·</span> <span class='ocrx_word' id='word_1_87' title='bbox 265 1347 351 1413; x_wconf 85' lang='lat' dir='ltr'><strong>Nam</strong></span> <span class='ocrx_word' id='word_1_88' title='bbox 372 1347 429 1434; x_wconf 89' lang='lat' dir='ltr'><strong>qui</strong></span> <span class='ocrx_word' id='word_1_89' title='bbox 443 1345 510 1413; x_wconf 79' lang='lat' dir='ltr'><strong>is&#39;ta</strong></span> <span class='ocrx_word' id='word_1_90' title='bbox 523 1345 748 1412; x_wconf 84' lang='lat' dir='ltr'><strong>tantummodo</strong></span> <span class='ocrx_word' id='word_1_91' title='bbox 764 1345 926 1410; x_wconf 88' lang='lat' dir='ltr'><strong>rhetorioe</strong></span> <span class='ocrx_word' id='word_1_92' title='bbox 942 1354 975 1412; x_wconf 90' lang='lat' dir='ltr'><strong>et</strong></span> <span class='ocrx_word' id='word_1_93' title='bbox 989 1346 1130 1432; x_wconf 85' lang='lat' dir='ltr'><strong>figurate</strong></span> <span class='ocrx_word' id='word_1_94' title='bbox 1145 1349 1452 1429; x_wconf 86' lang='lat' dir='ltr'><strong>dieiautumant‚·</strong></span> <span class='ocrx_word' id='word_1_95' title='bbox 1549 1363 1558 1387; x_wconf 70' lang='lat'>²</span> 
     </span>
    </p>
   </div>
   <div class='ocr_carea' id='block_1_4' title="bbox 220 1445 1495 1742">
    <p class='ocr_par' dir='ltr' id='par_1_4' title="bbox 220 1445 1495 1742">
     <span class='ocr_line' id='line_1_12' title="bbox 265 1445 1495 1534; baseline -0.002 -18"><span class='ocrx_word' id='word_1_96' title='bbox 265 1460 302 1516; x_wconf 88' lang='lat' dir='ltr'><strong>ut</strong></span> <span class='ocrx_word' id='word_1_97' title='bbox 324 1449 549 1534; x_wconf 82' lang='lat' dir='ltr'><strong>Schweglerus</strong></span> <span class='ocrx_word' id='word_1_98' title='bbox 566 1447 666 1514; x_wconf 88' lang='lat' dir='ltr'><strong>H.·R.</strong></span> <span class='ocrx_word' id='word_1_99' title='bbox 681 1445 736 1512; x_wconf 93' lang='grc' dir='ltr'><strong>ΙΙΙ</strong></span> <span class='ocrx_word' id='word_1_100' title='bbox 749 1470 783 1534; x_wconf 89' lang='lat' dir='ltr'><strong>p.</strong></span> <span class='ocrx_word' id='word_1_101' title='bbox 799 1448 839 1512; x_wconf 78' lang='lat'><strong>27</strong></span> <span class='ocrx_word' id='word_1_102' title='bbox 856 1471 889 1514; x_wconf 92' lang='lat' dir='ltr'><strong>n.</strong></span> <span class='ocrx_word' id='word_1_103' title='bbox 905 1449 927 1512; x_wconf 84' lang='lat'>4</span> <span class='ocrx_word' id='word_1_104' title='bbox 941 1447 998 1512; x_wconf 90' lang='lat' dir='ltr'><strong>alii</strong></span> <span class='ocrx_word' id='word_1_105' title='bbox 1007 1497 1016 1531; x_wconf 88' lang='lat'><strong><em>,</em></strong></span> <span class='ocrx_word' id='word_1_106' title='bbox 1040 1461 1073 1515; x_wconf 88' lang='lat' dir='ltr'><strong>et</strong></span> <span class='ocrx_word' id='word_1_107' title='bbox 1088 1450 1190 1515; x_wconf 88' lang='lat' dir='ltr'><strong>totius</strong></span> <span class='ocrx_word' id='word_1_108' title='bbox 1206 1451 1271 1515; x_wconf 88' lang='lat' dir='ltr'><strong>loei</strong></span> <span class='ocrx_word' id='word_1_109' title='bbox 1285 1449 1414 1516; x_wconf 89' lang='lat' dir='ltr'><strong>ratione</strong></span> <span class='ocrx_word' id='word_1_110' title='bbox 1471 1469 1495 1498; x_wconf 91' lang='grc'><strong>·-</strong></span> 
     </span>
     <span class='ocr_line' id='line_1_13' title="bbox 263 1548 1412 1638; baseline 0 -22"><span class='ocrx_word' id='word_1_111' title='bbox 263 1551 462 1617; x_wconf 85' lang='lat' dir='ltr'><strong>refelluntur</strong></span> <span class='ocrx_word' id='word_1_112' title='bbox 479 1562 514 1616; x_wconf 88' lang='lat' dir='ltr'><strong>et</strong></span> <span class='ocrx_word' id='word_1_113' title='bbox 534 1553 567 1619; x_wconf 92' lang='lat' dir='ltr'><strong>in</strong></span> <span class='ocrx_word' id='word_1_114' title='bbox 583 1548 697 1637; x_wconf 89' lang='lat' dir='ltr'><strong>primis</strong></span> <span class='ocrx_word' id='word_1_115' title='bbox 713 1550 824 1616; x_wconf 87' lang='lat' dir='ltr'><strong>verbis</strong></span> <span class='ocrx_word' id='word_1_116' title='bbox 841 1555 925 1615; x_wconf 67' lang='lat' dir='ltr'><strong>‘illuc</strong></span> <span class='ocrx_word' id='word_1_117' title='bbox 940 1548 1035 1616; x_wconf 72' lang='lat' dir='ltr'><strong>odiam</strong></span> <span class='ocrx_word' id='word_1_118' title='bbox 1051 1558 1342 1638; x_wconf 74' lang='lat' dir='ltr'><strong>taam.tteote&#39;&#39;quae</strong></span> <span class='ocrx_word' id='word_1_119' title='bbox 1357 1573 1412 1616; x_wconf 88' lang='lat' dir='ltr'><strong>ne·</strong></span> 
     </span>
     <span class='ocr_line' id='line_1_14' title="bbox 220 1651 1414 1742; baseline -0.003 -22"><span class='ocrx_word' id='word_1_120' title='bbox 220 1683 223 1688; x_wconf 93' lang='lat'>·</span> <span class='ocrx_word' id='word_1_121' title='bbox 265 1663 388 1740; x_wconf 91' lang='lat' dir='ltr'><strong>queunt</strong></span> <span class='ocrx_word' id='word_1_122' title='bbox 407 1654 473 1718; x_wconf 90' lang='lat' dir='ltr'><strong>nisi</strong></span> <span class='ocrx_word' id='word_1_123' title='bbox 494 1654 536 1718; x_wconf 91' lang='lat' dir='ltr'><strong>ad</strong></span> <span class='ocrx_word' id='word_1_124' title='bbox 557 1663 683 1718; x_wconf 87' lang='lat' dir='ltr'><strong>eertum</strong></span> <span class='ocrx_word' id='word_1_125' title='bbox 698 1651 807 1724; x_wconf 87' lang='lat' dir='ltr'><strong>forum</strong></span> <span class='ocrx_word' id='word_1_126' title='bbox 820 1653 947 1718; x_wconf 87' lang='lat' dir='ltr'><strong>referri.</strong></span> <span class='ocrx_word' id='word_1_127' title='bbox 979 1654 1026 1719; x_wconf 84' lang='lat' dir='ltr'><strong>At</strong></span> <span class='ocrx_word' id='word_1_128' title='bbox 1039 1653 1186 1719; x_wconf 85' lang='lat' dir='ltr'><strong>indidem</strong></span> <span class='ocrx_word' id='word_1_129' title='bbox 1201 1664 1339 1742; x_wconf 88' lang='lat' dir='ltr'><strong>apparet</strong></span> <span class='ocrx_word' id='word_1_130' title='bbox 1352 1653 1414 1718; x_wconf 89' lang='lat' dir='ltr'><strong>hoe</strong></span> 
     </span>
    </p>
   </div>
   <div class='ocr_carea' id='block_1_5' title="bbox 154 1753 1413 1845">
    <p class='ocr_par' dir='ltr' id='par_1_5' title="bbox 154 1753 1413 1845">
     <span class='ocr_line' id='line_1_15' title="bbox 154 1753 1413 1845; baseline 0 -25"><span class='ocrx_word' id='word_1_131' title='bbox 154 1835 156 1838; x_wconf 16' lang='grc' dir='ltr'>Ι</span> <span class='ocrx_word' id='word_1_132' title='bbox 265 1755 355 1820; x_wconf 91' lang='lat' dir='ltr'><strong>nullo</strong></span> <span class='ocrx_word' id='word_1_133' title='bbox 377 1755 476 1823; x_wconf 86' lang='lat' dir='ltr'><strong>modo</strong></span> <span class='ocrx_word' id='word_1_134' title='bbox 497 1754 645 1838; x_wconf 81' lang='lat' dir='ltr'><strong>intellegi</strong></span> <span class='ocrx_word' id='word_1_135' title='bbox 663 1774 760 1840; x_wconf 87' lang='lat' dir='ltr'><strong>posse</strong></span> <span class='ocrx_word' id='word_1_136' title='bbox 780 1753 964 1820; x_wconf 89' lang='lat' dir='ltr'><strong>Romanum</strong></span> <span class='ocrx_word' id='word_1_137' title='bbox 984 1755 1110 1822; x_wconf 87' lang='lat' dir='ltr'><strong>forum:</strong></span> <span class='ocrx_word' id='word_1_138' title='bbox 1141 1778 1246 1845; x_wconf 88' lang='lat' dir='ltr'><strong>neque</strong></span> <span class='ocrx_word' id='word_1_139' title='bbox 1269 1757 1354 1821; x_wconf 90' lang='lat' dir='ltr'><strong>enim</strong></span> <span class='ocrx_word' id='word_1_140' title='bbox 1371 1756 1413 1820; x_wconf 89' lang='lat' dir='ltr'><strong>ad</strong></span> 
     </span>
    </p>
   </div>
   <div class='ocr_carea' id='block_1_6' title="bbox 232 1857 1414 2560">
    <p class='ocr_par' dir='ltr' id='par_1_6' title="bbox 232 1857 1414 2560">
     <span class='ocr_line' id='line_1_16' title="bbox 264 1857 1412 1945; baseline 0 -23"><span class='ocrx_word' id='word_1_141' title='bbox 264 1857 445 1928; x_wconf 89' lang='lat' dir='ltr'><strong>Romanum</strong></span> <span class='ocrx_word' id='word_1_142' title='bbox 460 1857 625 1923; x_wconf 90' lang='lat' dir='ltr'><strong>hominem</strong></span> <span class='ocrx_word' id='word_1_143' title='bbox 638 1857 721 1929; x_wconf 11' lang='lat' dir='ltr'><strong>&#39;haee</strong></span> <span class='ocrx_word' id='word_1_144' title='bbox 736 1857 867 1939; x_wconf 82' lang='lat' dir='ltr'><strong>scribit,</strong></span> <span class='ocrx_word' id='word_1_145' title='bbox 888 1881 964 1924; x_wconf 78' lang='lat' dir='ltr'><strong>curn</strong></span> <span class='ocrx_word' id='word_1_146' title='bbox 979 1857 1067 1945; x_wconf 91' lang='lat' dir='ltr'><strong>apud</strong></span> <span class='ocrx_word' id='word_1_147' title='bbox 1082 1859 1190 1945; x_wconf 89' lang='lat' dir='ltr'><strong>ipsum</strong></span> <span class='ocrx_word' id='word_1_148' title='bbox 1206 1858 1329 1924; x_wconf 90' lang='lat' dir='ltr'><strong>morari</strong></span> <span class='ocrx_word' id='word_1_149' title='bbox 1345 1858 1412 1934; x_wconf 72' lang='lat' dir='ltr'><strong>Do,-</strong></span> 
     </span>
     <span class='ocr_line' id='line_1_17' title="bbox 263 1957 1414 2047; baseline -0.004 -21"><span class='ocrx_word' id='word_1_150' title='bbox 263 1961 524 2028; x_wconf 73' lang='lat' dir='ltr'><strong>natum&#39;e‘vinoat</strong></span> <span class='ocrx_word' id='word_1_151' title='bbox 539 1959 700 2047; x_wconf 87' lang='lat' dir='ltr'><strong>epistulae</strong></span> <span class='ocrx_word' id='word_1_152' title='bbox 715 1957 864 2025; x_wconf 77' lang='lat' dir='ltr'>clausula</span> <span class='ocrx_word' id='word_1_153' title='bbox 879 1984 906 2026; x_wconf 91' lang='lat' dir='ltr'><strong>c.</strong></span> <span class='ocrx_word' id='word_1_154' title='bbox 926 1961 966 2025; x_wconf 73' lang='lat'><strong>14</strong></span> <span class='ocrx_word' id='word_1_155' title='bbox 986 1964 1152 2026; x_wconf 78' lang='lat' dir='ltr'><strong>‘moderari</strong></span> <span class='ocrx_word' id='word_1_156' title='bbox 1170 1973 1269 2026; x_wconf 81' lang='lat' dir='ltr'><strong>tomen</strong></span> <span class='ocrx_word' id='word_1_157' title='bbox 1284 1963 1414 2030; x_wconf 81' lang='lat' dir='ltr'><strong>dicenda</strong></span> 
     </span>
     <span class='ocr_line' id='line_1_18' title="bbox 267 2056 1413 2150; baseline -0.003 -21"><span class='ocrx_word' id='word_1_158' title='bbox 267 2069 404 2130; x_wconf 64' lang='lat' dir='ltr'><strong>dammas</strong></span> <span class='ocrx_word' id='word_1_159' title='bbox 424 2070 516 2134; x_wconf 76' lang='lat' dir='ltr'><strong>simut</strong></span> <span class='ocrx_word' id='word_1_160' title='bbox 522 2069 626 2138; x_wconf 22' lang='lat' dir='ltr'><strong>‘iuneti</strong></span> <span class='ocrx_word' id='word_1_161' title='bbox 644 2073 672 2127; x_wconf 87' lang='lat' dir='ltr'><strong>et</strong></span> <span class='ocrx_word' id='word_1_162' title='bbox 685 2056 806 2142; x_wconf 78' lang='lat' dir='ltr'><strong>saeptas</strong></span> <span class='ocrx_word' id='word_1_163' title='bbox 820 2069 959 2128; x_wconf 82' lang='lat' dir='ltr'><strong>locutart’</strong></span> <span class='ocrx_word' id='word_1_164' title='bbox 968 2062 995 2146; x_wconf 85' lang='lat'><strong>²)</strong></span> <span class='ocrx_word' id='word_1_165' title='bbox 1010 2103 1054 2112; x_wconf 90' lang='lat'>-</span> <span class='ocrx_word' id='word_1_166' title='bbox 1068 2071 1175 2150; x_wconf 82' lang='lat' dir='ltr'><strong>nsque</strong></span> <span class='ocrx_word' id='word_1_167' title='bbox 1188 2064 1326 2129; x_wconf 85' lang='lat' dir='ltr'><strong>Romam</strong></span> <span class='ocrx_word' id='word_1_168' title='bbox 1342 2083 1413 2150; x_wconf 88' lang='lat' dir='ltr'><strong>spe·</strong></span> 
     </span>
     <span class='ocr_line' id='line_1_19' title="bbox 266 2164 1413 2256; baseline -0.003 -25"><span class='ocrx_word' id='word_1_169' title='bbox 266 2168 349 2232; x_wconf 83' lang='lat' dir='ltr'><strong>atari</strong></span> <span class='ocrx_word' id='word_1_170' title='bbox 371 2165 543 2255; x_wconf 76' lang='lat' dir='ltr'><strong>probabile</strong></span> <span class='ocrx_word' id='word_1_171' title='bbox 564 2173 630 2248; x_wconf 55' lang='lat' dir='ltr'><strong>est&gt;</strong></span> <span class='ocrx_word' id='word_1_172' title='bbox 645 2187 755 2256; x_wconf 25' lang='lat' dir='ltr'><strong>&#39;quam</strong></span> <span class='ocrx_word' id='word_1_173' title='bbox 775 2165 891 2255; x_wconf 81' lang='lat' dir='ltr'><strong>urbem</strong></span> <span class='ocrx_word' id='word_1_174' title='bbox 911 2189 953 2230; x_wconf 85' lang='lat' dir='ltr'><strong>ne</strong></span> <span class='ocrx_word' id='word_1_175' title='bbox 974 2164 1245 2252; x_wconf 83' lang='lat' dir='ltr'><strong>videritquidem</strong></span> <span class='ocrx_word' id='word_1_176' title='bbox 1259 2187 1413 2252; x_wconf 88' lang='lat' dir='ltr'><strong>umquam</strong></span> 
     </span>
     <span class='ocr_line' id='line_1_20' title="bbox 264 2267 1413 2356; baseline -0.004 -20"><span class='ocrx_word' id='word_1_177' title='bbox 264 2270 465 2356; x_wconf 78' lang='lat' dir='ltr'><strong>Cyprianus:</strong></span> <span class='ocrx_word' id='word_1_178' title='bbox 491 2278 524 2334; x_wconf 88' lang='lat' dir='ltr'><strong>et</strong></span> <span class='ocrx_word' id='word_1_179' title='bbox 544 2267 617 2354; x_wconf 91' lang='lat' dir='ltr'><strong>quis</strong></span> <span class='ocrx_word' id='word_1_180' title='bbox 640 2268 674 2330; x_wconf 90' lang='lat' dir='ltr'><strong>in</strong></span> <span class='ocrx_word' id='word_1_181' title='bbox 695 2267 889 2332; x_wconf 81' lang='lat' dir='ltr'><strong>hortatione</strong></span> <span class='ocrx_word' id='word_1_182' title='bbox 902 2290 944 2332; x_wconf 90' lang='lat' dir='ltr'><strong>ex</strong></span> <span class='ocrx_word' id='word_1_183' title='bbox 958 2267 1184 2332; x_wconf 83' lang='lat' dir='ltr'><strong>remotissimis</strong></span> <span class='ocrx_word' id='word_1_184' title='bbox 1201 2291 1239 2334; x_wconf 86' lang='lat' dir='ltr'><strong>ao</strong></span> <span class='ocrx_word' id='word_1_185' title='bbox 1253 2267 1350 2352; x_wconf 89' lang='lat' dir='ltr'><strong>longe</strong></span> <span class='ocrx_word' id='word_1_186' title='bbox 1365 2288 1413 2332; x_wconf 90' lang='lat' dir='ltr'><strong>re-</strong></span> 
     </span>
     <span class='ocr_line' id='line_1_21' title="bbox 265 2364 1414 2458; baseline -0.005 -21"><span class='ocrx_word' id='word_1_187' title='bbox 265 2372 379 2458; x_wconf 84' lang='lat' dir='ltr'><strong>petitis</strong></span> <span class='ocrx_word' id='word_1_188' title='bbox 393 2372 499 2456; x_wconf 83' lang='lat' dir='ltr'><strong>magis</strong></span> <span class='ocrx_word' id='word_1_189' title='bbox 514 2371 662 2458; x_wconf 72' lang='lat' dir='ltr'><strong>hauserit</strong></span> <span class='ocrx_word' id='word_1_190' title='bbox 677 2377 872 2454; x_wconf 79' lang='lat' dir='ltr'><strong>argumenta</strong></span> <span class='ocrx_word' id='word_1_191' title='bbox 886 2388 984 2455; x_wconf 86' lang='lat' dir='ltr'><strong>quam</strong></span> <span class='ocrx_word' id='word_1_192' title='bbox 1001 2389 1042 2433; x_wconf 86' lang='lat' dir='ltr'><strong>ex</strong></span> <span class='ocrx_word' id='word_1_193' title='bbox 1057 2369 1103 2433; x_wconf 86' lang='lat' dir='ltr'><strong>eis</strong></span> <span class='ocrx_word' id='word_1_194' title='bbox 1116 2364 1200 2454; x_wconf 79' lang='lat' dir='ltr'><strong>quae</strong></span> <span class='ocrx_word' id='word_1_195' title='bbox 1211 2381 1286 2436; x_wconf 89' lang='lat' dir='ltr'><strong>ante</strong></span> <span class='ocrx_word' id='word_1_196' title='bbox 1296 2369 1414 2456; x_wconf 88' lang='lat' dir='ltr'><strong>pedem</strong></span> 
     </span>
     <span class='ocr_line' id='line_1_22' title="bbox 232 2471 1413 2560; baseline -0.003 -22"><span class='ocrx_word' id='word_1_197' title='bbox 232 2545 239 2560; x_wconf 53' lang='lat'>‚</span> <span class='ocrx_word' id='word_1_198' title='bbox 263 2474 395 2544; x_wconf 74' lang='lat' dir='ltr'><strong>iacent?</strong></span> <span class='ocrx_word' id='word_1_199' title='bbox 427 2471 492 2538; x_wconf 87' lang='lat' dir='ltr'><strong>Sed</strong></span> <span class='ocrx_word' id='word_1_200' title='bbox 512 2472 642 2538; x_wconf 88' lang='lat' dir='ltr'><strong>omnino</strong></span> <span class='ocrx_word' id='word_1_201' title='bbox 665 2471 874 2558; x_wconf 79' lang='lat' dir='ltr'><strong>Cyprianum</strong></span> <span class='ocrx_word' id='word_1_202' title='bbox 887 2471 922 2534; x_wconf 94' lang='lat' dir='ltr'><strong>in</strong></span> <span class='ocrx_word' id='word_1_203' title='bbox 942 2471 1090 2536; x_wconf 90' lang='lat' dir='ltr'><strong>moribus</strong></span> <span class='ocrx_word' id='word_1_204' title='bbox 1107 2473 1229 2537; x_wconf 83' lang='lat' dir='ltr'><strong>saeauli</strong></span> <span class='ocrx_word' id='word_1_205' title='bbox 1244 2471 1413 2558; x_wconf 80' lang='lat' dir='ltr'><strong>exagitan-</strong></span> 
     </span>
    </p>
   </div>
   <div class='ocr_carea' id='block_1_7' title="bbox 158 2573 1413 2664">
    <p class='ocr_par' dir='ltr' id='par_1_7' title="bbox 158 2573 1413 2664">
     <span class='ocr_line' id='line_1_23' title="bbox 158 2573 1413 2664; baseline -0.003 -24"><span class='ocrx_word' id='word_1_206' title='bbox 158 2606 160 2610; x_wconf 95' lang='lat'>·</span> <span class='ocrx_word' id='word_1_207' title='bbox 264 2575 315 2642; x_wconf 87' lang='lat' dir='ltr'><strong>dis</strong></span> <span class='ocrx_word' id='word_1_208' title='bbox 336 2575 658 2664; x_wconf 79' lang='lat' dir='ltr'><strong>Carthaginiensium</strong></span> <span class='ocrx_word' id='word_1_209' title='bbox 678 2573 887 2658; x_wconf 86' lang='lat' dir='ltr'><strong>potissimum</strong></span> <span class='ocrx_word' id='word_1_210' title='bbox 905 2573 1067 2663; x_wconf 81' lang='lat' dir='ltr'><strong>rationem</strong></span> <span class='ocrx_word' id='word_1_211' title='bbox 1088 2573 1209 2640; x_wconf 88' lang='lat' dir='ltr'><strong>habere</strong></span> <span class='ocrx_word' id='word_1_212' title='bbox 1232 2585 1264 2643; x_wconf 87' lang='lat' dir='ltr'><strong>et</strong></span> <span class='ocrx_word' id='word_1_213' title='bbox 1280 2595 1413 2640; x_wconf 79' lang='lat' dir='ltr'><strong>eonsen-</strong></span> 
     </span>
    </p>
   </div>
   <div class='ocr_carea' id='block_1_8' title="bbox 263 2675 1412 2762">
    <p class='ocr_par' dir='ltr' id='par_1_8' title="bbox 263 2675 1412 2762">
     <span class='ocr_line' id='line_1_24' title="bbox 263 2675 1412 2762; baseline -0.003 -20"><span class='ocrx_word' id='word_1_214' title='bbox 263 2686 396 2742; x_wconf 88' lang='lat' dir='ltr'><strong>taneum</strong></span> <span class='ocrx_word' id='word_1_215' title='bbox 418 2688 469 2743; x_wconf 88' lang='lat' dir='ltr'><strong>est</strong></span> <span class='ocrx_word' id='word_1_216' title='bbox 489 2687 521 2743; x_wconf 88' lang='lat' dir='ltr'><strong>et</strong></span> <span class='ocrx_word' id='word_1_217' title='bbox 542 2676 639 2742; x_wconf 89' lang='lat' dir='ltr'><strong>simili</strong></span> <span class='ocrx_word' id='word_1_218' title='bbox 660 2677 756 2740; x_wconf 89' lang='lat' dir='ltr'><strong>huius</strong></span> <span class='ocrx_word' id='word_1_219' title='bbox 777 2675 869 2742; x_wconf 89' lang='lat' dir='ltr'><strong>urbis</strong></span> <span class='ocrx_word' id='word_1_220' title='bbox 890 2695 1016 2740; x_wconf 89' lang='lat' dir='ltr'><strong>morum</strong></span> <span class='ocrx_word' id='word_1_221' title='bbox 1032 2676 1119 2761; x_wconf 90' lang='lat' dir='ltr'><strong>apud</strong></span> <span class='ocrx_word' id='word_1_222' title='bbox 1135 2677 1217 2742; x_wconf 91' lang='lat' dir='ltr'><strong>alios</strong></span> <span class='ocrx_word' id='word_1_223' title='bbox 1233 2677 1412 2762; x_wconf 77' lang='lat' dir='ltr'><strong>scriptores</strong></span> 
     </span>
    </p>
   </div>
   <div class='ocr_carea' id='block_1_9' title="bbox 38 2776 1412 2868">
    <p class='ocr_par' dir='ltr' id='par_1_9' title="bbox 38 2776 1412 2868">
     <span class='ocr_line' id='line_1_25' title="bbox 38 2776 1412 2868; baseline 0.003 -30"><span class='ocrx_word' id='word_1_224' title='bbox 38 2829 68 2848; x_wconf 63' lang='lat'><strong>.‚</strong></span> <span class='ocrx_word' id='word_1_225' title='bbox 171 2844 173 2850; x_wconf 71' lang='grc'><em>,</em></span> <span class='ocrx_word' id='word_1_226' title='bbox 228 2777 484 2866; x_wconf 63' lang='lat' dir='ltr'><strong>,descriptione</strong></span> <span class='ocrx_word' id='word_1_227' title='bbox 500 2779 688 2862; x_wconf 62' lang='lat' dir='ltr'><strong>firmaturd)</strong></span> <span class='ocrx_word' id='word_1_228' title='bbox 712 2776 1412 2868; x_wconf 80' lang='lat' dir='ltr'><strong>lnCarthaginiensiigiturforolegea</strong></span> 
     </span>
    </p>
   </div>
   <div class='ocr_carea' id='block_1_10' title="bbox 224 2878 1471 3546">
    <p class='ocr_par' dir='ltr' id='par_1_10' title="bbox 224 2878 1471 3278">
     <span class='ocr_line' id='line_1_26' title="bbox 263 2878 1471 2969; baseline -0.003 -23"><span class='ocrx_word' id='word_1_229' title='bbox 263 2881 449 2969; x_wconf 86' lang='lat' dir='ltr'><strong>propositas</strong></span> <span class='ocrx_word' id='word_1_230' title='bbox 463 2881 544 2948; x_wconf 87' lang='lat' dir='ltr'><strong>istis</strong></span> <span class='ocrx_word' id='word_1_231' title='bbox 567 2881 679 2947; x_wconf 89' lang='lat' dir='ltr'><strong>verbis</strong></span> <span class='ocrx_word' id='word_1_232' title='bbox 692 2880 871 2966; x_wconf 52' lang='lat' dir='ltr'><strong>*obsignari</strong></span> <span class='ocrx_word' id='word_1_233' title='bbox 891 2901 1025 2944; x_wconf 86' lang='lat' dir='ltr'><strong>neeesse</strong></span> <span class='ocrx_word' id='word_1_234' title='bbox 1046 2889 1106 2944; x_wconf 88' lang='lat' dir='ltr'><strong>est.</strong></span> <span class='ocrx_word' id='word_1_235' title='bbox 1150 2880 1219 2945; x_wconf 87' lang='lat' dir='ltr'><strong>Neo</strong></span> <span class='ocrx_word' id='word_1_236' title='bbox 1239 2878 1412 2946; x_wconf 80' lang='lat' dir='ltr'><strong>tamen&#39;id-</strong></span> <span class='ocrx_word' id='word_1_237' title='bbox 1468 2918 1471 2923; x_wconf 93' lang='lat'><em>·</em></span> 
     </span>
     <span class='ocr_line' id='line_1_27' title="bbox 224 2975 1412 3078; baseline -0.002 -29"><span class='ocrx_word' id='word_1_238' title='bbox 224 3061 228 3078; x_wconf 74' lang='lat'><strong>.-</strong></span> <span class='ocrx_word' id='word_1_239' title='bbox 264 2984 350 3050; x_wconf 80' lang='lat' dir='ltr'><strong>sirco</strong></span> <span class='ocrx_word' id='word_1_240' title='bbox 365 2986 489 3053; x_wconf 53' lang='lat' dir='ltr'><strong>iameo.</strong></span> <span class='ocrx_word' id='word_1_241' title='bbox 506 3006 565 3050; x_wconf 87' lang='lat' dir='ltr'><strong>nos</strong></span> <span class='ocrx_word' id='word_1_242' title='bbox 589 2984 698 3070; x_wconf 88' lang='lat' dir='ltr'><strong>abripi</strong></span> <span class='ocrx_word' id='word_1_243' title='bbox 718 2975 879 3070; x_wconf 88' lang='lat' dir='ltr'><strong>patimur,</strong></span> <span class='ocrx_word' id='word_1_244' title='bbox 907 2990 944 3047; x_wconf 91' lang='lat' dir='ltr'><strong>nt</strong></span> <span class='ocrx_word' id='word_1_245' title='bbox 965 2991 1108 3062; x_wconf 85' lang='lat' dir='ltr'><strong>erratum</strong></span> <span class='ocrx_word' id='word_1_246' title='bbox 1129 3005 1200 3048; x_wconf 88' lang='lat' dir='ltr'><strong>esse</strong></span> <span class='ocrx_word' id='word_1_247' title='bbox 1222 2983 1257 3075; x_wconf 79' lang='lat' dir='ltr'><strong>in</strong></span> <span class='ocrx_word' id='word_1_248' title='bbox 1276 3004 1412 3048; x_wconf 87' lang='lat' dir='ltr'><strong>numero</strong></span> 
     </span>
     <span class='ocr_line' id='line_1_28' title="bbox 263 3085 1414 3176; baseline -0.001 -25"><span class='ocrx_word' id='word_1_249' title='bbox 263 3085 451 3153; x_wconf 90' lang='lat' dir='ltr'><strong>tabularum</strong></span> <span class='ocrx_word' id='word_1_250' title='bbox 471 3109 546 3153; x_wconf 85' lang='lat' dir='ltr'><strong>eum</strong></span> <span class='ocrx_word' id='word_1_251' title='bbox 567 3087 708 3176; x_wconf 83' lang='lat' dir='ltr'><strong>Hugone</strong></span> <span class='ocrx_word' id='word_1_252' title='bbox 730 3095 923 3152; x_wconf 82' lang='lat' dir='ltr'><strong>statuamus.</strong></span> <span class='ocrx_word' id='word_1_253' title='bbox 961 3085 1209 3171; x_wconf 86' lang='lat' dir='ltr'><strong>Peropportune</strong></span> <span class='ocrx_word' id='word_1_254' title='bbox 1231 3085 1318 3149; x_wconf 89' lang='lat' dir='ltr'><strong>enim</strong></span> <span class='ocrx_word' id='word_1_255' title='bbox 1340 3107 1414 3150; x_wconf 82' lang='lat' dir='ltr'><strong>ecee</strong></span> 
     </span>
     <span class='ocr_line' id='line_1_29' title="bbox 264 3183 1413 3278; baseline -0.002 -26"><span class='ocrx_word' id='word_1_256' title='bbox 264 3189 414 3257; x_wconf 80' lang='lat' dir='ltr'><strong>adfertur</strong></span> <span class='ocrx_word' id='word_1_257' title='bbox 432 3189 593 3274; x_wconf 81' lang='lat' dir='ltr'><strong>Salviani,</strong></span> <span class='ocrx_word' id='word_1_258' title='bbox 610 3190 665 3278; x_wconf 83' lang='lat' dir='ltr'><strong>qui</strong></span> <span class='ocrx_word' id='word_1_259' title='bbox 680 3190 854 3276; x_wconf 85' lang='lat' dir='ltr'><strong>presbyter</strong></span> <span class='ocrx_word' id='word_1_260' title='bbox 868 3183 1085 3253; x_wconf 80' lang='lat' dir='ltr'><strong>Massiliensis</strong></span> <span class='ocrx_word' id='word_1_261' title='bbox 1101 3188 1165 3252; x_wconf 86' lang='lat' dir='ltr'><strong>fuit</strong></span> <span class='ocrx_word' id='word_1_262' title='bbox 1177 3187 1309 3254; x_wconf 35' lang='lat' dir='ltr'><strong>*saeoulo</strong></span> <span class='ocrx_word' id='word_1_263' title='bbox 1322 3188 1413 3274; x_wconf 88' lang='lat' dir='ltr'><strong>quin-</strong></span> 
     </span>
    </p>

    <p class='ocr_par' dir='ltr' id='par_1_11' title="bbox 250 3394 1412 3546">
     <span class='ocr_line' id='line_1_30' title="bbox 331 3394 1412 3477; baseline 0 -31"><span class='ocrx_word' id='word_1_264' title='bbox 331 3395 353 3462; x_wconf 82' lang='lat'><strong>1)</strong></span> <span class='ocrx_word' id='word_1_265' title='bbox 372 3397 454 3448; x_wconf 84' lang='lat' dir='ltr'><strong>Hane</strong></span> <span class='ocrx_word' id='word_1_266' title='bbox 472 3397 627 3477; x_wconf 77' lang='lat' dir='ltr'><strong>opinionem</strong></span> <span class='ocrx_word' id='word_1_267' title='bbox 646 3397 748 3477; x_wconf 80' lang='lat' dir='ltr'><strong>nostris</strong></span> <span class='ocrx_word' id='word_1_268' title='bbox 766 3395 936 3462; x_wconf 84' lang='lat' dir='ltr'><strong>temporibus</strong></span> <span class='ocrx_word' id='word_1_269' title='bbox 955 3394 990 3445; x_wconf 91' lang='lat' dir='ltr'><strong>ab</strong></span> <span class='ocrx_word' id='word_1_270' title='bbox 1003 3395 1129 3460; x_wconf 84' lang='lat' dir='ltr'><strong>Hugonis</strong></span> <span class='ocrx_word' id='word_1_271' title='bbox 1149 3395 1232 3460; x_wconf 86' lang='lat' dir='ltr'><strong>(Hist.</strong></span> <span class='ocrx_word' id='word_1_272' title='bbox 1243 3396 1304 3450; x_wconf 77' lang='lat' dir='ltr'><strong>-inu</strong></span> <span class='ocrx_word' id='word_1_273' title='bbox 1322 3399 1352 3462; x_wconf 81' lang='lat' dir='ltr'><strong>p.</strong></span> <span class='ocrx_word' id='word_1_274' title='bbox 1368 3395 1412 3462; x_wconf 70' lang='lat'><strong>92)</strong></span> 
     </span>
     <span class='ocr_line' id='line_1_31' title="bbox 250 3477 1412 3546; baseline 0 -14"><span class='ocrx_word' id='word_1_275' title='bbox 250 3479 331 3534; x_wconf 84' lang='lat' dir='ltr'><strong>&#39;telis</strong></span> <span class='ocrx_word' id='word_1_276' title='bbox 350 3481 499 3540; x_wconf 85' lang='lat' dir='ltr'><strong>defendere</strong></span> <span class='ocrx_word' id='word_1_277' title='bbox 517 3482 624 3532; x_wconf 88' lang='lat' dir='ltr'><strong>studuit</strong></span> <span class='ocrx_word' id='word_1_278' title='bbox 642 3481 854 3533; x_wconf 86' lang='lat' dir='ltr'><strong>Kaemmererus</strong></span> <span class='ocrx_word' id='word_1_279' title='bbox 872 3480 953 3534; x_wconf 89' lang='lat' dir='ltr'><strong>Obss.</strong></span> <span class='ocrx_word' id='word_1_280' title='bbox 973 3481 1023 3530; x_wconf 86' lang='lat' dir='ltr'><strong>inr.</strong></span> <span class='ocrx_word' id='word_1_281' title='bbox 1043 3481 1096 3534; x_wconf 85' lang='lat' dir='ltr'><strong>aiv.</strong></span> <span class='ocrx_word' id='word_1_282' title='bbox 1115 3477 1211 3546; x_wconf 69' lang='lat' dir='ltr'><strong>(Rost.</strong></span> <span class='ocrx_word' id='word_1_283' title='bbox 1224 3481 1412 3546; x_wconf 70' lang='lat' dir='ltr'><strong>l8iil.p.··19i</strong></span> 
     </span>
    </p>
   </div>
   <div class='ocr_carea' id='block_1_11' title="bbox 165 3557 1424 3632">
    <p class='ocr_par' dir='ltr' id='par_1_12' title="bbox 165 3557 1424 3632">
     <span class='ocr_line' id='line_1_32' title="bbox 165 3557 1424 3632; baseline -0.002 -14"><span class='ocrx_word' id='word_1_284' title='bbox 165 3557 170 3563; x_wconf 70' lang='grc'><strong>’</strong></span> <span class='ocrx_word' id='word_1_285' title='bbox 263 3569 356 3622; x_wconf 80' lang='lat'><strong>——200.</strong></span> <span class='ocrx_word' id='word_1_286' title='bbox 391 3567 563 3618; x_wconf 85' lang='lat' dir='ltr'><strong>Dubitanter</strong></span> <span class='ocrx_word' id='word_1_287' title='bbox 581 3567 642 3632; x_wconf 78' lang='lat' dir='ltr'><strong>agIt</strong></span> <span class='ocrx_word' id='word_1_288' title='bbox 659 3565 769 3626; x_wconf 79' lang='lat' dir='ltr'><strong>Puabta</strong></span> <span class='ocrx_word' id='word_1_289' title='bbox 788 3565 854 3620; x_wconf 86' lang='lat' dir='ltr'><strong>last.</strong></span> <span class='ocrx_word' id='word_1_290' title='bbox 873 3567 885 3616; x_wconf 92' lang='lat'><em>1</em></span> <span class='ocrx_word' id='word_1_291' title='bbox 902 3583 929 3632; x_wconf 87' lang='lat' dir='ltr'><strong>p.</strong></span> <span class='ocrx_word' id='word_1_292' title='bbox 944 3567 992 3616; x_wconf 78' lang='lat'><strong>192</strong></span> <span class='ocrx_word' id='word_1_293' title='bbox 1011 3564 1111 3616; x_wconf 78' lang='lat' dir='ltr'><strong>‘Wenn</strong></span> <span class='ocrx_word' id='word_1_294' title='bbox 1130 3581 1195 3616; x_wconf 87' lang='lat' dir='ltr'><strong>man</strong></span> <span class='ocrx_word' id='word_1_295' title='bbox 1214 3557 1424 3618; x_wconf 75' lang='lat' dir='ltr'><strong>eine‘Aeusse—&#39;</strong></span> 
     </span>
    </p>
   </div>
   <div class='ocr_carea' id='block_1_12' title="bbox 262 3651 1505 4404">
    <p class='ocr_par' dir='ltr' id='par_1_13' title="bbox 263 3651 1505 3888">
     <span class='ocr_line' id='line_1_33' title="bbox 263 3651 1412 3720; baseline -0.001 -18"><span class='ocrx_word' id='word_1_296' title='bbox 263 3667 334 3720; x_wconf 79' lang='lat' dir='ltr'><strong>rung</strong></span> <span class='ocrx_word' id='word_1_297' title='bbox 346 3652 482 3718; x_wconf 81' lang='lat' dir='ltr'><strong>Cypriane</strong></span> <span class='ocrx_word' id='word_1_298' title='bbox 495 3651 621 3702; x_wconf 82' lang='lat' dir='ltr'><strong>wbrtlieh</strong></span> <span class='ocrx_word' id='word_1_299' title='bbox 637 3651 770 3704; x_wconf 80' lang='lat' dir='ltr'><strong>rerstehn</strong></span> <span class='ocrx_word' id='word_1_300' title='bbox 787 3651 891 3714; x_wconf 57' lang='lat' dir='ltr'><strong>diirita&#39;</strong></span> <span class='ocrx_word' id='word_1_301' title='bbox 908 3667 938 3702; x_wconf 90' lang='lat' dir='ltr'><strong>so</strong></span> <span class='ocrx_word' id='word_1_302' title='bbox 951 3653 1044 3701; x_wconf 70' lang='lat' dir='ltr'><strong>waren</strong></span> <span class='ocrx_word' id='word_1_303' title='bbox 1061 3651 1102 3703; x_wconf 82' lang='lat' dir='ltr'><strong>sie</strong></span> <span class='ocrx_word' id='word_1_304' title='bbox 1121 3651 1193 3702; x_wconf 84' lang='lat' dir='ltr'><strong>noe-b</strong></span> <span class='ocrx_word' id='word_1_305' title='bbox 1211 3652 1248 3700; x_wconf 89' lang='lat' dir='ltr'><strong>im</strong></span> <span class='ocrx_word' id='word_1_306' title='bbox 1266 3654 1302 3702; x_wconf 81' lang='lat' dir='ltr'><strong>aa</strong></span> <span class='ocrx_word' id='word_1_307' title='bbox 1314 3651 1412 3702; x_wconf 77' lang='lat' dir='ltr'><strong>Jahrb.</strong></span> 
     </span>
     <span class='ocr_line' id='line_1_34' title="bbox 264 3729 1505 3818; baseline -0.002 -30"><span class='ocrx_word' id='word_1_308' title='bbox 264 3739 314 3788; x_wconf 86' lang='lat' dir='ltr'><strong>aui</strong></span> <span class='ocrx_word' id='word_1_309' title='bbox 330 3737 392 3790; x_wconf 84' lang='lat' dir='ltr'><strong>dem</strong></span> <span class='ocrx_word' id='word_1_310' title='bbox 409 3736 694 3803; x_wconf 78' lang='lat' dir='ltr'><strong>Forumansgestellt</strong></span> <span class='ocrx_word' id='word_1_311' title='bbox 712 3747 849 3818; x_wconf 66' lang='lat' dir='ltr'><strong>genesen.</strong></span> <span class='ocrx_word' id='word_1_312' title='bbox 884 3737 959 3788; x_wconf 86' lang='lat' dir='ltr'><strong>Dass</strong></span> <span class='ocrx_word' id='word_1_313' title='bbox 977 3735 1018 3787; x_wconf 87' lang='lat' dir='ltr'><strong>sis</strong></span> <span class='ocrx_word' id='word_1_314' title='bbox 1037 3735 1145 3795; x_wconf 79' lang='lat' dir='ltr'><strong>damnis</strong></span> <span class='ocrx_word' id='word_1_315' title='bbox 1164 3737 1235 3786; x_wconf 85' lang='lat' dir='ltr'><strong>noah</strong></span> <span class='ocrx_word' id='word_1_316' title='bbox 1254 3737 1413 3800; x_wconf 79' lang='lat' dir='ltr'><strong>existirten,</strong></span> <span class='ocrx_word' id='word_1_317' title='bbox 1501 3729 1505 3737; x_wconf 81' lang='lat'>&#39;</span> 
     </span>
     <span class='ocr_line' id='line_1_35' title="bbox 263 3821 1403 3888; baseline 0 -17"><span class='ocrx_word' id='word_1_318' title='bbox 263 3822 300 3874; x_wconf 86' lang='lat' dir='ltr'><strong>ist</strong></span> <span class='ocrx_word' id='word_1_319' title='bbox 318 3822 450 3874; x_wconf 88' lang='lat' dir='ltr'><strong>ohnedies</strong></span> <span class='ocrx_word' id='word_1_320' title='bbox 468 3821 721 3888; x_wconf 79' lang='lat' dir='ltr'><strong>wahrseheinlich.&#39;</strong></span> <span class='ocrx_word' id='word_1_321' title='bbox 758 3823 795 3872; x_wconf 82' lang='lat' dir='ltr'><strong>ei.</strong></span> <span class='ocrx_word' id='word_1_322' title='bbox 814 3821 973 3874; x_wconf 82' lang='lat' dir='ltr'><strong>Rudortfins</strong></span> <span class='ocrx_word' id='word_1_323' title='bbox 992 3823 1027 3872; x_wconf 86' lang='grc' dir='ltr'><strong>Η.</strong></span> <span class='ocrx_word' id='word_1_324' title='bbox 1048 3822 1098 3874; x_wconf 86' lang='lat' dir='ltr'><strong>iar.</strong></span> <span class='ocrx_word' id='word_1_325' title='bbox 1118 3835 1184 3875; x_wconf 89' lang='lat' dir='ltr'><strong>rom.</strong></span> <span class='ocrx_word' id='word_1_326' title='bbox 1203 3822 1217 3871; x_wconf 87' lang='lat'><em>1</em></span> <span class='ocrx_word' id='word_1_327' title='bbox 1235 3838 1261 3886; x_wconf 89' lang='lat' dir='ltr'><strong>p.</strong></span> <span class='ocrx_word' id='word_1_328' title='bbox 1282 3823 1341 3871; x_wconf 80' lang='lat'><strong>261.</strong></span> <span class='ocrx_word' id='word_1_329' title='bbox 1401 3851 1403 3855; x_wconf 93' lang='lat'><em>-</em></span> 
     </span>
    </p>

    <p class='ocr_par' dir='ltr' id='par_1_14' title="bbox 262 3907 1473 4230">
     <span class='ocr_line' id='line_1_36' title="bbox 330 3907 1412 3973; baseline -0.003 -14"><span class='ocrx_word' id='word_1_330' title='bbox 330 3907 352 3973; x_wconf 84' lang='lat'><strong>²)</strong></span> <span class='ocrx_word' id='word_1_331' title='bbox 371 3909 476 3960; x_wconf 85' lang='lat' dir='ltr'><strong>Vereor</strong></span> <span class='ocrx_word' id='word_1_332' title='bbox 494 3912 586 3958; x_wconf 87' lang='lat' dir='ltr'><strong>antem</strong></span> <span class='ocrx_word' id='word_1_333' title='bbox 605 3923 640 3958; x_wconf 89' lang='lat' dir='ltr'><strong>ne</strong></span> <span class='ocrx_word' id='word_1_334' title='bbox 659 3908 740 3958; x_wconf 90' lang='lat' dir='ltr'><strong>nimis</strong></span> <span class='ocrx_word' id='word_1_335' title='bbox 759 3921 847 3972; x_wconf 79' lang='lat' dir='ltr'><strong>sagax</strong></span> <span class='ocrx_word' id='word_1_336' title='bbox 865 3907 903 3958; x_wconf 87' lang='lat' dir='ltr'><strong>sit</strong></span> <span class='ocrx_word' id='word_1_337' title='bbox 920 3907 1110 3958; x_wconf 86' lang='lat' dir='ltr'><strong>Kaemmereri</strong></span> <span class='ocrx_word' id='word_1_338' title='bbox 1129 3907 1222 3972; x_wconf 89' lang='lat' dir='ltr'><strong>opinio</strong></span> <span class='ocrx_word' id='word_1_339' title='bbox 1240 3923 1266 3972; x_wconf 90' lang='lat' dir='ltr'><strong>p.</strong></span> <span class='ocrx_word' id='word_1_340' title='bbox 1287 3908 1344 3970; x_wconf 84' lang='lat'>198,</span> <span class='ocrx_word' id='word_1_341' title='bbox 1365 3907 1412 3972; x_wconf 91' lang='lat' dir='ltr'><strong>qni</strong></span> 
     </span>
     <span class='ocr_line' id='line_1_37' title="bbox 264 3991 1413 4058; baseline -0.003 -14"><span class='ocrx_word' id='word_1_342' title='bbox 264 3991 337 4058; x_wconf 86' lang='lat' dir='ltr'><strong>qnod</strong></span> <span class='ocrx_word' id='word_1_343' title='bbox 353 4009 417 4046; x_wconf 87' lang='lat' dir='ltr'><strong>rure</strong></span> <span class='ocrx_word' id='word_1_344' title='bbox 436 3994 529 4045; x_wconf 86' lang='lat' dir='ltr'><strong>datam</strong></span> <span class='ocrx_word' id='word_1_345' title='bbox 548 3992 696 4058; x_wconf 84' lang='lat' dir='ltr'><strong>epistulam</strong></span> <span class='ocrx_word' id='word_1_346' title='bbox 718 4007 774 4042; x_wconf 92' lang='lat' dir='ltr'><strong>non</strong></span> <span class='ocrx_word' id='word_1_347' title='bbox 791 3991 964 4057; x_wconf 81' lang='lat' dir='ltr'><strong>Cartbagine</strong></span> <span class='ocrx_word' id='word_1_348' title='bbox 982 3991 1044 4058; x_wconf 84' lang='lat' dir='ltr'><strong>ipsa</strong></span> <span class='ocrx_word' id='word_1_349' title='bbox 1062 3997 1172 4042; x_wconf 82' lang='lat' dir='ltr'><strong>constat</strong></span> <span class='ocrx_word' id='word_1_350' title='bbox 1196 3991 1341 4057; x_wconf 71' lang='lat' dir='ltr'><strong>eraapite</strong></span> <span class='ocrx_word' id='word_1_351' title='bbox 1365 4007 1413 4041; x_wconf 81' lang='lat' dir='ltr'><strong>ex·</strong></span> 
     </span>
     <span class='ocr_line' id='line_1_38' title="bbox 264 4075 1412 4144; baseline -0.002 -16"><span class='ocrx_word' id='word_1_352' title='bbox 264 4083 365 4143; x_wconf 87' lang='lat' dir='ltr'><strong>tremo,</strong></span> <span class='ocrx_word' id='word_1_353' title='bbox 390 4079 453 4130; x_wconf 87' lang='lat' dir='ltr'><strong>inde</strong></span> <span class='ocrx_word' id='word_1_354' title='bbox 480 4077 593 4130; x_wconf 76' lang='lat' dir='ltr'><strong>labilius</strong></span> <span class='ocrx_word' id='word_1_355' title='bbox 612 4078 764 4130; x_wconf 85' lang='lat' dir='ltr'><strong>Romanum</strong></span> <span class='ocrx_word' id='word_1_356' title='bbox 788 4077 877 4129; x_wconf 86' lang='lat' dir='ltr'><strong>iorum</strong></span> <span class='ocrx_word' id='word_1_357' title='bbox 896 4079 1012 4144; x_wconf 79' lang='lat' dir='ltr'><strong>agnosci</strong></span> <span class='ocrx_word' id='word_1_358' title='bbox 1034 4077 1103 4142; x_wconf 87' lang='lat' dir='ltr'><strong>sibi,</strong></span> <span class='ocrx_word' id='word_1_359' title='bbox 1126 4093 1181 4126; x_wconf 83' lang='lat' dir='ltr'><strong>non</strong></span> <span class='ocrx_word' id='word_1_360' title='bbox 1205 4075 1283 4140; x_wconf 84' lang='lat' dir='ltr'><strong>aliis,</strong></span> <span class='ocrx_word' id='word_1_361' title='bbox 1307 4077 1412 4141; x_wconf 84' lang='lat' dir='ltr'><strong>opinor,</strong></span> 
     </span>
     <span class='ocr_line' id='line_1_39' title="bbox 262 4150 1473 4230; baseline -0.001 -16"><span class='ocrx_word' id='word_1_362' title='bbox 262 4167 445 4230; x_wconf 83' lang='lat' dir='ltr'><strong>persuaserit.</strong></span> <span class='ocrx_word' id='word_1_363' title='bbox 476 4150 479 4156; x_wconf 41' lang='lat'><em>¹</em></span> <span class='ocrx_word' id='word_1_364' title='bbox 1433 4164 1436 4172; x_wconf 91' lang='lat'>&#39;</span> <span class='ocrx_word' id='word_1_365' title='bbox 1469 4162 1473 4170; x_wconf 88' lang='lat'>&#39;</span> 
     </span>
    </p>

    <p class='ocr_par' dir='ltr' id='par_1_15' title="bbox 263 4239 1412 4404">
     <span class='ocr_line' id='line_1_40' title="bbox 330 4239 1412 4316; baseline -0.006 -14"><span class='ocrx_word' id='word_1_366' title='bbox 330 4248 352 4316; x_wconf 63' lang='grc' dir='ltr'><strong>ἢ)</strong></span> <span class='ocrx_word' id='word_1_367' title='bbox 372 4251 543 4306; x_wconf 69' lang='lat' dir='ltr'><strong>sintarine</strong></span> <span class='ocrx_word' id='word_1_368' title='bbox 563 4267 586 4305; x_wconf 83' lang='lat' dir='ltr'><strong>a.</strong></span> <span class='ocrx_word' id='word_1_369' title='bbox 605 4252 672 4302; x_wconf 84' lang='grc'><strong>6-8</strong></span> <span class='ocrx_word' id='word_1_370' title='bbox 691 4265 752 4300; x_wconf 84' lang='lat' dir='ltr'><strong>aum</strong></span> <span class='ocrx_word' id='word_1_371' title='bbox 770 4248 930 4300; x_wconf 87' lang='lat' dir='ltr'><strong>Herodiano</strong></span> <span class='ocrx_word' id='word_1_372' title='bbox 948 4250 1002 4301; x_wconf 88' lang='lat' dir='ltr'><strong>VII</strong></span> <span class='ocrx_word' id='word_1_373' title='bbox 1019 4252 1035 4300; x_wconf 82' lang='grc'>9</span> <span class='ocrx_word' id='word_1_374' title='bbox 1054 4252 1083 4300; x_wconf 86' lang='lat' dir='ltr'><strong>et</strong></span> <span class='ocrx_word' id='word_1_375' title='bbox 1095 4248 1227 4300; x_wconf 87' lang='lat' dir='ltr'><strong>Salviano</strong></span> <span class='ocrx_word' id='word_1_376' title='bbox 1246 4239 1412 4312; x_wconf 82' lang='lat' dir='ltr'><strong>quamquam</strong></span> 
     </span>
     <span class='ocr_line' id='line_1_41' title="bbox 263 4332 1085 4404; baseline -0.002 -18"><span class='ocrx_word' id='word_1_377' title='bbox 263 4335 426 4404; x_wconf 66' lang='lat' dir='ltr'><strong>posterioris</strong></span> <span class='ocrx_word' id='word_1_378' title='bbox 444 4337 547 4389; x_wconf 81' lang='lat' dir='ltr'><strong>aetatis</strong></span> <span class='ocrx_word' id='word_1_379' title='bbox 565 4337 699 4404; x_wconf 81' lang='lat' dir='ltr'><strong>scriptore</strong></span> <span class='ocrx_word' id='word_1_380' title='bbox 718 4332 758 4386; x_wconf 79' lang='lat' dir='ltr'><strong>de&#39;</strong></span> <span class='ocrx_word' id='word_1_381' title='bbox 772 4335 892 4385; x_wconf 83' lang='lat' dir='ltr'><strong>Gubern.</strong></span> <span class='ocrx_word' id='word_1_382' title='bbox 912 4335 966 4386; x_wconf 86' lang='lat' dir='ltr'><strong>Dei</strong></span> <span class='ocrx_word' id='word_1_383' title='bbox 984 4334 1003 4387; x_wconf 89' lang='lat' dir='ltr'><strong>l.</strong></span> <span class='ocrx_word' id='word_1_384' title='bbox 1022 4333 1085 4390; x_wconf 84' lang='lat' dir='ltr'><strong>VII.</strong></span> 
     </span>
    </p>
   </div>
   <div class='ocr_carea' id='block_1_13' title="bbox 0 0 1646 4992">
    <p class='ocr_par' dir='ltr' id='par_1_16' title="bbox 0 0 1646 4992">
     <span class='ocr_line' id='line_1_42' title="bbox 0 0 1646 4992; baseline 0 0"><span class='ocrx_word' id='word_1_385' title='bbox 0 0 1646 4992; x_wconf 95' lang='lat' dir='ltr'><strong> </strong></span> 
     </span>
    </p>
   </div>
  </div>
 </body>
</html>
