3282 4992
270 247 291 310 6
704 256 816 306 csrvr
839 253 985 301 ramvn.

271 418 422 496 mutatio,
437 437 501 501 qua
513 412 646 498 quidem
658 409 859 496 insequentis
876 407 993 472 aetatis
1009 406 1165 493 loquendi
1179 416 1213 471 et
1227 407 1420 472 enuntiandi
1463 405 1465 408 ’

271 541 350 584 usus
365 514 509 595 stabiliri
530 523 665 598 coeptus
687 520 754 592 est,
778 509 1028 596 cavetustiores
1048 507 1130 594 legis
1151 508 1275 574 formas
1297 509 1344 573 ita
1365 533 1419 598 op-

274 620 407 707 pressit,
424 619 543 688 utiam
558 613 684 680 ultimis
704 611 827 678 liberae
847 609 1047 696 reipublicae
1068 611 1273 696 temporibus
1289 622 1420 698 praeter
1484 686 1490 694 ,

218 783 220 786 .
274 742 379 810 pauca
395 721 465 786 sive
482 740 560 784 casu
575 716 646 782 sive
666 713 886 784 inconstantia
901 721 1034 778 servata
1054 711 1108 778 vel
1123 712 1304 798 singularia
1324 737 1421 801 quac-

275 825 351 890 dam
367 832 497 909 atquae
514 818 663 884 converti
682 818 753 882 sine
774 815 1007 880 sententiarum
1028 813 1172 901 periculo
1195 817 1254 880 vix
1275 826 1421 903 possent,

275 951 317 992 ex
332 926 419 992 omni
434 922 611 989 verborum
626 919 821 1005 antiquitate
837 917 906 982 fere
921 917 1047 983 nullum
1064 917 1239 1004 vestigium
1254 929 1421 1005 superstes

218 1013 228 1036 ‘
275 1037 371 1094 esset.
398 1026 526 1110 ltaque
541 1025 577 1088 in
591 1021 758 1102 frustulis,
780 1042 864 1108 quae
880 1043 922 1084 ex
941 1019 999 1084 illa
1019 1029 1128 1086 aetate
1147 1022 1189 1086 ad
1209 1032 1322 1088 nostra
1343 1029 1421 1098 tem·

275 1152 356 1218 pora
375 1133 612 1216 pervenerunt,
635 1133 825 1190 constanter
844 1123 987 1208 reperies
1010 1133 1043 1187 et
1063 1143 1079 1184 r
1100 1120 1240 1186 litteram
1259 1122 1422 1197 inlocum

276 1231 399 1310 veteris
416 1253 430 1294 s
447 1228 662 1294 substitutam
676 1234 710 1290 et
724 1223 857 1292 vocales
874 1226 885 1287 i
901 1247 960 1311 pro
982 1247 1017 1306 e,
1037 1247 1060 1290 u
1080 1245 1140 1312 pro
1161 1247 1180 1290 c
1201 1226 1344 1312 itemque
1363 1248 1422 1324 pro

191 1329 192 1332 ¹
276 1357 319 1400 ou
333 1332 496 1420 repositas
513 1340 545 1395 et
560 1329 691 1394 diverso
708 1328 801 1413 signo
816 1335 947 1395 notatas
963 1326 1145 1410 gutturales
1163 1339 1229 1394 cet
1243 1351 1265 1414 g
1277 1328 1422 1414 exceptis

277 1437 392 1504 formis
409 1438 556 1514 ‘parunt’
573 1441 606 1496 et
621 1437 735 1511 ‘pacit’
754 1429 943 1513 (Terentius
955 1429 1097 1494 Scaurus
1111 1453 1142 1516 p.
1154 1430 1238 1496 2253
1249 1430 1287 1494 P.
1305 1431 1423 1496 Festus

276 1562 308 1625 p.
326 1537 389 1602 363
404 1535 465 1620 M.)
482 1558 520 1600 ac
535 1533 677 1600 fortasse
693 1538 802 1599 ‘clane’
821 1529 946 1616 (Gloss.
963 1530 1136 1619 Cyrilli¹))
1156 1571 1189 1578 -
1208 1556 1307 1619 quam
1323 1555 1423 1598 nova-

277 1641 398 1705 tionem
419 1637 519 1704 ctiam
545 1635 580 1700 in
594 1635 792 1722 ¹superstites
818 1633 979 1697 fastorum
1005 1632 1273 1700 decemviralium
1294 1632 1424 1701 tabulas

279 1741 467 1826 ceteroquin
482 1746 613 1802 tenaces
630 1737 823 1822 antiquioris
839 1757 975 1828 usus-ex
989 1737 1170 1802 recentiore
1192 1737 1425 1804 consuetudine

278 1842 451 1928 irrepsisse
466 1839 690 1905 Mommsenus
707 1838 864 1903 observat
879 1836 1004 1903 Comm.
1021 1837 1064 1902 ad
1079 1837 1196 1908 Festos
1213 1839 1290 1903 anni
1305 1839 1426 1905 Iuliani

280 1945 316 2010 Ο.
334 1943 360 2008 Ι.
378 1944 417 2008 L.
439 1942 457 2005 I
478 1964 509 2027 p.
527 1940 590 2005 362
604 1977 646 1986 —
661 1948 693 2004 et
710 1939 871 2027 abiectam
891 1939 926 2002 in
942 1938 1089 2004 ablativo
1106 1950 1139 2004 et
1159 1941 1354 2027 imperativo
1371 1940 1425 2027 d²)
1464 1970 1467 1974 ·

280 2056 313 2112 et
329 2043 576 2111 consonantium
597 2042 851 2128 geminationem
872 2042 1081 2108 observatam
1098 2080 1135 2088 —
1154 2044 1232 2129 quin
1250 2044 1348 2108 etiam
1363 2045 1426 2110 Ac·

280 2151 394 2214 cianae
406 2144 570 2213 vocalium
584 2143 856 2230 geminandorum
872 2143 1041 2210 doctrinae
1054 2145 1195 2228 vestigia
1210 2168 1276 2210 non
1293 2144 1424 2210 desunt:

279 2262 317 2317 ut
332 2250 401 2315 fere
417 2248 551 2336 propius
568 2247 680 2314 absint
694 2269 714 2310 a
726 2245 934 2311 Ciceroniani
949 2239 1107 2311 serrrionis
1124 2246 1231 2312 colore
1247 2247 1318 2312 XII
1333 2247 1427 2315 tabu-

280 2353 332 2418 lae
347 2374 445 2439 quam
461 2372 481 2413 a
496 2349 687 2435 Scipionum
701 2347 822 2428 titulis,
838 2346 959 2412 nedum
975 2371 994 2412 a
1009 2349 1189 2414 carminum
1204 2348 1381 2415 Saliarium
1394 2357 1429 2414 et

282 2452 456 2520 Arvalium
475 2450 611 2515 horrida
631 2458 804 2516 vetustate.
840 2449 909 2514 Nec
926 2449 1078 2536 ,profecto
1099 2451 1272 2539 quisquam
1295 2451 1427 2516 mirabi-

282 2568 349 2640 tur,
362 2553 451 2642 quod
466 2553 501 2618 in
514 2552 576 2636 his,
590 2574 674 2639 quae
688 2551 839 2638 religioni
854 2551 1051 2618 inservirent
1066 2563 1098 2618 et
1113 2563 1202 2618 certo
1219 2553 1428 2618 sacerdotum

247 2675 255 2694 ⁸
282 2657 419 2742 collegio
437 2656 471 2719 in
487 2653 673 2744 custodiam
689 2654 812 2720 tradita
834 2662 957 2734 essent,
981 2655 1103 2720 maiore
1128 2655 1192 2720 fide
1215 2655 1321 2720 forma
1344 2655 1429 2719 anti-

283 2783 346 2848 qua
367 2767 562 2825 conservata
584 2763 634 2824 est
649 2755 703 2820 vel
724 2766 809 2839 tum,
834 2779 908 2822 cum
929 2759 998 2824 suis
1020 2757 1094 2845 ipsa
1115 2757 1343 2826 sacerdotibus
1363 2781 1429 2823 non

282 2865 349 2927 iam
363 2859 624 2945 intellegeretur,
640 2880 737 2944 qnam
752 2860 786 2924 in
801 2857 872 2944 lege
888 2859 1050 2926 communi
1071 2860 1147 2924 usui
1168 2883 1266 2946 quam
1286 2859 1430 2926 maxime

283 2964 457 3032 destinata.
1225 3028 1251 3053 ᾖ,

367 3065 492 3131 Verum
504 3065 669 3130 enimvero
687 3061 739 3129 vel
754 3065 788 3128 in
802 3065 867 3130 ista
882 3063 1026 3131 novandi
1041 3065 1263 3154 perpetuitate
1278 3066 1349 3130 fieri
1365 3087 1430 3130 non

278 3169 428 3253 ¹poterat,
456 3168 536 3254 quin
556 3167 658 3234 verba
677 3166 938 3256 relinquerentur
959 3167 1119 3254 quaedam
1140 3169 1205 3234 iam
1226 3168 1354 3255 pridem
1375 3156 1444 3234 ob-v

285 3269 389 3337 soleta
404 3280 501 3356 atque
518 3271 711 3352 obscurata,
733 3270 926 3356 praesertim
940 3269 998 3336 ubi
1013 3292 1064 3334 res
1086 3271 1177 3356 ipsae
1198 3270 1242 3336 ad
1257 3293 1338 3358 quas
1360 3293 1430 3358 per·

354 3543 374 3610 ¹)
393 3546 463 3596 Num
481 3549 598 3596 ‘cenas’
617 3546 646 3596 in
664 3543 806 3596 Ciceronis
830 3545 863 3596 de
887 3545 941 3610 leg.
961 3545 1056 3596 codice
1075 3546 1209 3598 Leidensi
1225 3545 1310 3611 H-(II
1327 3550 1370 3610 23,
1389 3547 1432 3608 59)

286 3630 394 3682 librarii
411 3631 479 3681 vitio
498 3630 748 3696 tribuendumestr
768 3630 802 3682 de
821 3645 874 3695 quc
893 3629 1029 3696 peccandi
1053 3645 1155 3697 genere
1178 3629 1264 3690 latius
1287 3633 1316 3682 in
1338 3632 1382 3682 bis
1400 3631 1434 3682 li·

286 3716 343 3768 bris
362 3715 470 3790 patenti
488 3716 524 3766 cf.
544 3715 687 3766 Vahlenus
706 3717 734 3766 in
752 3716 852 3769 Annal.
872 3732 961 3783 gymn.
981 3716 1118 3766 Austriac.
1139 3717 1204 3768 1860
1222 3733 1249 3782 p.
1267 3720 1291 3768 3.
1322 3777 1330 3788 .

353 3800 375 3866 ²)
395 3801 485 3853 Unum
504 3800 577 3866 quod
596 3801 655 3851 scio
675 3800 829 3868 exemplum
847 3801 864 3852 d
885 3803 915 3852 in
934 3802 1098 3868 imperativo
1122 3801 1210 3853 latino
1233 3809 1364 3854 servatae
1387 3805 1434 3854 lex

289 3887 368 3954 regia
388 3891 430 3938 est
448 3885 519 3952 apud
532 3887 646 3936 Festum
665 3903 691 3952 p.
708 3889 758 3938 230
776 3889 816 3936 ‘si
833 3902 912 3937 nurus
930 3921 937 3936 .
952 3923 978 3940 ..
994 3886 1073 3938 sacra
1090 3888 1153 3944 dinis
1171 3895 1304 3953 pareatum
1323 3891 1432 3940 estod)

286 3973 357 4023 Nam
376 3971 447 4036 quod
465 3973 494 4021 in
511 3971 566 4022 ΧΠ
584 3971 741 4022 tabularum
760 3973 909 4037 praecepto
929 3971 965 4023 ib.
985 3989 1011 4038 p.
1025 3971 1075 4024 375
1093 3990 1119 4022 v.
1139 3975 1203 4026 viae
1223 3991 1257 4025 ex
1275 3973 1434 4039 corruptela

287 4142 386 4194 scient.
406 4143 457 4196 iur.
476 4143 542 4194 bist.
561 4143 624 4194 XIV
644 4142 702 4206 144)
723 4144 847 4210 reposuit
865 4147 902 4196 ‘n
924 4146 1093 4197 muniuntodr
1116 4146 1140 4195 ic
1163 4146 1190 4194 ni
1210 4147 1269 4198 sani
1291 4147 1307 4194 l.
1326 4147 1360 4196 a'
1378 4144 1434 4194 iam

287 4227 425 4278 refutatur
444 4233 596 4280 ceterorum
616 4228 739 4280 codicum
762 4230 900 4295 scriptura
922 4229 1068 4294 patefacta
1086 4233 1212 4284 ‘manant
1234 4231 1369 4282 caisandi'
1387 4228 1434 4281 vel

288 4313 424 4364 ‘aruniunto
443 4315 572 4366 circandi’
592 4315 718 4380 quamvis
735 4315 797 4381 ipsa
816 4330 925 4380 quoque
945 4319 1085 4381 corrupta.
