3282 4970
696 259 834 306 suevus
856 262 880 308 1.
1299 249 1358 314 1-17

792 413 823 478 5.

298 543 383 599 unxi
401 539 591 614 mancipique
611 554 678 596 cum
700 554 734 612 p.
758 536 795 596 a.
817 537 894 596 idem
914 550 1020 610 uesani
1041 551 1239 614 sensumque
1262 559 1357 617 supro

213 639 357 716 infraque
371 642 417 712 ips
431 647 501 700 esto.

212 845 415 856 ——---

211 978 293 1030 duum
311 995 374 1031 esse
392 979 503 1040 iubeat,
521 977 688 1043 locupletem
708 978 786 1030 iubet
803 978 948 1047 locupleti:
973 977 1099 1043 locuples
1123 979 1196 1028 enim
1220 984 1262 1030 est
1285 981 1355 1030 assi·

211 1064 295 1129 duus,
322 1069 354 1114 ut
381 1064 422 1114 ait
447 1064 479 1118 L.
500 1062 611 1125 Aelius,
639 1063 797 1128 appellatus
824 1067 859 1116 ab
888 1079 952 1116 aere
981 1063 1090 1116 dando)
1126 1063 1163 1117 cf.
1189 1064 1222 1114 de
1246 1080 1302 1130 rep.
1326 1064 1354 1114 II

170 1139 175 1146 “
210 1151 256 1210 22,
273 1151 316 1200 40.
351 1150 456 1200 Nonius
475 1164 503 1212 p.
516 1149 548 1198 67
567 1147 722 1198 ‘Proletari
740 1148 808 1200 dicti
826 1155 890 1200 sunt
906 1148 1012 1215 plebei,
1032 1149 1079 1214 qui
1096 1148 1165 1198 nihil
1182 1149 1353 1214 reipublicae

211 1233 375 1296 exhibeant,
398 1232 448 1282 sed
469 1237 576 1282 tantum
606 1232 711 1296 prolem
734 1233 926 1286 sufficiant..
946 1271 978 1286 ..
1002 1233 1089 1283 Varro
1111 1232 1146 1282 de
1172 1234 1232 1284 uita
1258 1233 1353 1300 populi

209 1317 327 1368 Romani
344 1317 392 1368 lib.
410 1319 437 1368 I:
462 1316 560 1380 quibus
579 1322 658 1367 erent
675 1319 813 1383 pecuniae
831 1321 915 1382 satie,
939 1315 1102 1382 locupletis,
1127 1317 1264 1377 assiduos,
1288 1334 1352 1368 con-

209 1404 310 1454 trarios
328 1402 504 1468 proletarios.
530 1402 676 1453 Assiduo
695 1403 858 1454 neminem
877 1401 1047 1454 uindicem
1064 1401 1261 1466 uoluerunt,
1279 1402 1352 1452 locu-

207 1487 287 1552 pleti’
308 1487 374 1550 (nisi
391 1486 560 1554 locupletem
579 1486 636 1538 orto
658 1487 732 1538 Thes.
751 1487 804 1538 ΙΙΙ
817 1505 847 1554 p.
860 1491 903 1538 27.
922 1488 977 1537 nisi
995 1486 1148 1550 assiduum,
1168 1487 1195 1536 id
1216 1491 1259 1537 est
1276 1487 1352 1538 locu-

207 1572 310 1636 pletem
332 1571 462 1624 Turnebus
478 1572 610 1632 Adu2a,
630 1575 671 1622 15.
707 1571 763 1623 Sed
779 1581 892 1638 apparet
910 1575 988 1638 plura
1011 1573 1157 1622 desiderari
1177 1589 1194 1622 a
1212 1572 1296 1622 Nonio
1314 1580 1351 1622 te-

207 1673 275 1712 mere
287 1654 409 1721 resecta).
434 1657 470 1711 of.
484 1656 520 1706 id.
533 1673 560 1722 p.
574 1657 622 1708 155
647 1671 673 1709 u.
686 1656 836 1708 Proletarii
848 1659 925 1708 ciues
945 1674 978 1708 ex
989 1655 1088 1708 Gellio
1101 1657 1134 1706 N.
1148 1657 1179 1706 A.
1193 1658 1258 1709 XVI
1272 1661 1312 1722 10,
1325 1659 1351 1708 8.

207 1740 330 1791 Thomas
353 1740 435 1791 Thes.
458 1757 522 1791 nou.
550 1741 629 1792 latin.
653 1758 679 1806 p.
703 1743 754 1792 469
775 1743 813 1796 M.
848 1741 953 1794 Paulus
976 1743 1044 1792 Enc.
1068 1758 1102 1792 ex
1124 1743 1207 1792 Festo
1230 1745 1291 1807 p.'9
1313 1743 1351 1795 M.

207 1825 353 1878 ‘Assiduus
377 1825 497 1879 dicitur.
513 1867 537 1880 ,,
565 1863 572 1878 .
607 1825 664 1875 Alii
687 1826 826 1876 assiduum
849 1826 1016 1892 locupletem
1040 1827 1120 1892 quasi
1137 1826 1282 1876 multorum
1307 1843 1350 1877 as-

207 1911 278 1960 sium
296 1910 400 1960 dictum
417 1913 558 1975 putarunt.
581 1909 638 1960 Alii
656 1925 717 1959 eum
736 1911 783 1975 qui
801 1915 911 1976 sumptu
929 1912 1039 1977 proprio
1058 1911 1213 1975 militabat,
1232 1912 1266 1962 ab
1288 1927 1350 1962 asse

207 1994 297 2046 dando
325 1999 454 2049 uocatum
482 1995 693 2048 existimarunt)
729 1995 830 2046 Festus
847 2011 873 2061 p.
893 1996 944 2048 376
961 1997 998 2049 Μ.
1017 1995 1140 2046 ‘Vindex
1164 1997 1199 2045 ab
1224 2013 1255 2046 eo
1279 1996 1349 2060 quod

196 2079 345 2142 uindicat,
370 2079 513 2144 quominus
531 2080 569 2141 is,
592 2081 640 2145 qui
663 2095 777 2144 prensus
801 2085 844 2131 est
867 2082 902 2131 ab
927 2080 1033 2144 abque,
1057 2083 1204 2133 teneatur!
1239 2081 1304 2146 Dig.
1323 2069 1359 2144 2,Ι

204 2165 229 2223 4,
248 2166 280 2214 22
299 2166 350 2226 §L
386 2164 471 2216 Gaius
490 2164 535 2216 1.1
553 2163 588 2214 ad
606 2164 696 2230 legem
710 2164 763 2214 XII
775 2165 834 2218 tab.
853 2166 919 2228 ‘Qui
931 2167 959 2214 in
971 2167 1014 2216 ius
1032 2167 1149 2216 uocatus
1168 2168 1225 2229 est,
1243 2164 1349 2216 duobus

205 2248 318 2300 casibus
336 2249 516 2300 dimittendus
536 2253 591 2299 est:
614 2250 639 2300 si
656 2250 715 2314 quis
735 2235 793 2300 eius
811 2266 958 2316 personam
976 2251 1115 2314 defendit,
1136 2254 1164 2301 et
1181 2250 1219 2314 si,
1232 2250 1301 2300 ‘dum
1319 2251 1349 2300 in

204 2334 248 2384 lus
266 2335 387 2394 uenitur,
407 2334 441 2384 de
459 2349 489 2384 re
507 2339 679 2386 transactum
697 2335 801 2385 facult)

272 2452 297 2507 5.
315 2453 417 2522 Festus
435 2468 461 2517 p.
475 2455 523 2504 321
537 2453 573 2502 M.
594 2453 735 2518 ‘(Sanates
759 2455 838 2518 quasi
857 2453 961 2516 sana)ti
980 2451 1139 2522 appella(ti,
1158 2453 1186 2503 id
1205 2458 1248 2504 est
1265 2469 1347 2505 sana·

204 2541 251 2588 tae
270 2539 379 2591 mentis.
400 2536 471 2602 Ser.)
491 2538 629 2604 Sulpicius
648 2536 758 2604 (Rufus)
778 2580 784 2592 .
806 2576 811 2588 .
832 2578 837 2590 .
858 2542 886 2589 et
904 2539 1024 2604 Opiliu(s
1041 2538 1170 2590 Aurelius
1192 2538 1234 2589 ita
1253 2540 1348 2590 existi-

203 2619 292 2688 mant)
311 2621 367 2672 diei
385 2622 537 2685 inferio(ris
556 2624 761 2690 superiorisque
779 2623 835 2676 loci
856 2622 960 2690 socios)
978 2629 1009 2674 ut
1026 2623 1169 2688 Tiburtem
1192 2639 1276 2689 supra
1293 2625 1347 2674 Ro·

202 2722 275 2756 mam
294 2707 430 2771 aliosque,
451 2708 497 2771 qui
516 2703 587 2771 cum)
606 2707 706 2774 populo
724 2705 846 2770 Tibur(ti
864 2709 1079 2759 coniurauerant
1097 2709 1126 2757 in
1144 2708 1223 2774 agro)
1237 2708 1348 2761 Tiburti

203 2789 342 2856 ide(mque
361 2793 391 2840 in
408 2791 505 2842 foedus
522 2798 552 2843 et
571 2793 641 2843 alios
660 2793 792 2857 quosdam
811 2793 1018 2859 infe)riorisque
1040 2789 1110 2860 lo(ei
1131 2794 1247 2859 populos
1270 2809 1345 2844 rece-

202 2880 311 2940 perant.
345 2874 429 2941 Hinc)
448 2878 477 2925 in
495 2878 563 2930 XII:
582 2879 663 2929 ‘Nex
682 2915 688 2928 .
710 2915 716 2927 .
737 2913 744 2928 .
762 2879 791 2929 id
810 2884 853 2930 est
870 2878 1012 2943 bonor(um
1031 2879 1105 2930 etin
1123 2877 1203 2928 fidem
1222 2883 1346 2944 recepto-

201 2959 292 3024 rum).’
315 2960 448 3025 Supplevit
465 2961 611 3013 Herakleios
629 2965 661 3013 de
678 2965 734 3013 iure
752 2966 815 3014 nexi
829 2981 857 3029 p.
876 2967 928 3015 255
946 2971 972 3014 et
989 2964 1101 3028 Iarispr.
1119 2967 1238 3014 antelust.
1253 2981 1284 3030 p.
1302 2969 1344 3014 2⁶.

202 3043 241 3096 ld.
260 3061 286 3110 p.
300 3047 350 3096 348
362 3045 399 3099 M.
418 3044 547 3097 ‘Sanates
566 3046 635 3097 dicti
653 3052 731 3108 sunt,
750 3048 796 3113 qui
814 3063 896 3114 supra
918 3048 1047 3112 infraque
1066 3049 1181 3097 Romam
1200 3048 1344 3100 habitaue-

201 3134 277 3192 runt;
306 3129 378 3195 quod
399 3145 499 3181 nomen
523 3131 566 3182 his
594 3133 659 3195 fuit,
687 3117 754 3196 quia
777 3148 838 3182 curn
860 3133 1029 3183 defecissent
1059 3149 1075 3182 a
1098 3132 1241 3192 Romanis,
1266 3134 1345 3183 breui

201 3218 264 3279 post
281 3214 422 3265 redierunt
439 3216 468 3264 iu
486 3215 638 3267 amicitiam
657 3217 736 3281 quasi
754 3221 855 3268 sanata
873 3221 972 3268 mente.
999 3215 1098 3281 Itaqu'e
1115 3217 1146 3266 in
1162 3217 1215 3266 XII
1234 3223 1345 3267 cautum

201 3304 244 3350 est
261 3302 293 3349 ut
309 3299 382 3350 idem
405 3300 473 3349 iuris
496 3307 570 3352 esset
588 3301 739 3353 Sanatibus
758 3301 830 3367 quod
846 3303 1008 3366 Forctibus,
1032 3302 1060 3352 id
1079 3305 1122 3352 est
1145 3301 1224 3353 bonis
1247 3306 1275 3352 et
1298 3303 1344 3367 qui

199 3399 346 3448 numquam
364 3384 529 3436 defecerant
546 3401 563 3436 a
575 3386 606 3440 P.
619 3386 664 3437 R)
693 3386 797 3437 Paulus
815 3403 841 3452 p.
854 3387 887 3437 84
899 3386 936 3442 M.
955 3389 1082 3439 ‘Foretes
1095 3384 1250 3454 (Forctusl)
1270 3387 1344 3452 frugi

200 3474 229 3520 et
251 3469 339 3520 bonus
363 3471 422 3520 siue
444 3471 577 3522 validus.'
611 3471 652 3526 Id.
670 3489 697 3537 p.
718 3475 765 3524 102
783 3473 820 3522 M.
840 3473 990 3522 ‘Horetum
1014 3477 1041 3523 et
1060 3473 1178 3523 foratum
1201 3489 1249 3538 pro
1272 3475 1343 3524 bono

200 3553 350 3608 dicebant?
375 3555 482 3607 Gellius
500 3557 532 3628 N,
551 3558 583 3607 A.
601 3557 666 3609 XVI
685 3560 724 3620 1o,
744 3559 768 3608 8.
789 3558 832 3622 (Τ.
850 3558 863 3608 Ι
883 3561 937 3620 10.)

199 3727 401 3737 ————--—-

285 3865 313 3924 5.
336 3866 481 3924 Huschke·
493 3869 693 3939 supplementa
707 3869 786 3940 dedi,
802 3869 858 3924 nisi
870 3869 947 3940 quod
959 3871 1118 3944 sanatisque
1132 3872 1237 3941 scripsi
1250 3867 1341 3925 Muel-

198 3953 291 4009 lerum
306 3959 436 4023 secutas,
453 3954 504 4025 qui
512 3958 580 4024 post
595 3954 774 4026 Scaliperum
789 3955 881 4009 locum
900 3955 947 4008 ite
960 3955 1097 4025 refinxit:
1116 3954 1341 4028 Nexisolutique

199 4054 231 4093 aa
245 4035 311 4093 forti
327 4039 483 4112 sanatisque
498 4038 569 4094 idem
584 4039 627 4094 ius
643 4046 712 4096 esto.
743 4035 823 4114 (Nero
844 4039 991 4112 solutoque
1012 4038 1078 4096 forti
1093 4042 1236 4114 senatique
1253 4035 1340 4116 Suel.)

199 4120 379 4179 Hasebkium
391 4124 482 4194 poulo
497 4127 612 4180 inverso
626 4121 725 4180 ordine
739 4125 870 4195 sequatur
892 4124 1038 4180 Brunsius
1059 4125 1165 4181 Fontes
1184 4127 1239 4180 ior.
1256 4123 1339 4182 Rem.

198 4213 257 4262 ant.
270 4223 300 4276 p.
318 4211 351 4261 5:
367 4206 432 4263 Neri
447 4209 619 4281 mancipique
634 4211 677 4266 ius
692 4207 759 4264 lorti
780 4209 923 4282 senatique
938 4226 1020 4284 supra
1041 4209 1165 4283 infraque
1181 4209 1292 4264 Romam
1313 4211 1341 4268 id

199 4299 259 4348 esto
275 4290 349 4365 quod
363 4292 612 4366 populo-Romano.
1289 4319 1291 4323 ·
