3282 4970
334 334 388 382 nn
410 333 462 382 xu
485 333 698 383 rnsvnnuvu
722 333 899 396 uuurovus
921 333 1210 383 eousrrrvsnms.
1284 317 1342 384 107

200 489 399 576 ceterisque,
426 489 482 575 qui
501 488 660 554 vineam
683 497 829 575 sarptam
853 487 1062 573 intellegunt3
1089 497 1151 554 nee
1171 487 1252 552 mihi
1270 509 1343 575 pro-

199 592 280 658 bata
295 599 345 656 est
359 589 511 658 Muelleri
525 590 635 677 opinio
650 613 714 656 non
730 591 839 675 tigne,
863 590 923 655 sed
937 591 1010 676 ipsa
1026 597 1167 670 ‘sorpta’
1188 590 1210 654 i.
1226 613 1254 654 e.
1277 611 1343 654 sar·

200 701 311 760 ments
325 701 441 779 putate
453 692 588 778 dempta
603 691 683 756 dici:
701 692 753 757 cui
768 693 824 778 qui
838 700 994 778 patronus
1008 713 1112 779 nuper
1127 691 1237 757 extitit
1249 691 1344 758 Cors-

201 818 299 861 senus
315 795 429 880 Symb.
445 794 517 858 crit.
533 817 566 880 p.
581 794 624 860 32
639 817 687 880 sq.
705 802 890 860 structurae
906 794 1068 859 enuntiati
1082 792 1173 858 mele
1181 792 1344 858 consuluit

200 896 274 964 coll.
288 896 456 962 Ciceronis
472 919 523 983 ep.
540 897 583 960 ad
598 895 677 961 fam.
690 896 740 960 VI
754 897 835 978 19,2
850 899 964 976 ‘quoad
976 903 1026 960 ille
1041 899 1219 975 quandoque
1234 900 1343 960 reniut'

199 1007 332 1067 vertens
354 1000 417 1065 ‘bis
433 999 554 1066 einmel
568 998 622 1063 die
643 997 933 1084 abgeschnittenen
947 999 1064 1064 Reiser
1077 1019 1345 1084 weggenommen

199 1100 356 1166 werden?
373 1101 505 1167 Scilicet
520 1099 561 1165 de
576 1100 674 1166 vinea
689 1099 834 1166 dubitari
848 1122 914 1166 non
928 1102 1055 1188 patitur
1069 1101 1160 1166 Festi
1173 1098 1266 1167 locus
1281 1099 1344 1166 huc
1413 1135 1419 1152 ·

199 1203 308 1290 ipsum
323 1205 393 1269 sine
409 1202 509 1271 dubio
524 1200 715 1267 referendus
730 1225 761 1289 p.
779 1202 842 1268 322
858 1205 1011 1283 ‘Surpto
1026 1211 1136 1269 vinea
1149 1212 1265 1282 putato,
1281 1209 1301 1267 ι’.
1317 1222 1342 1268 e.

193 1327 279 1386 puro
291 1309 394 1383 fueta’
410 1328 437 1371 e.
455 1328 486 1391 q.
502 1327 529 1369 s.
566 1303 694 1388 Tigna
716 1313 826 1369 eutem
846 1303 980 1391 dempta
993 1315 1081 1372 recte
1102 1305 1241 1392 cogitari
1260 1304 1344 1370 indi·

200 1416 295 1473 catur
309 1407 387 1492 Dig.
404 1408 436 1490 6,
453 1407 481 1486 1,
498 1405 540 1471 59
565 1409 654 1469 ‘Nam
675 1426 753 1484 quoe
768 1413 875 1472 alienis
896 1411 1041 1486 aedificiis
1055 1428 1173 1485 emesa
1185 1418 1293 1483 essent,
1307 1427 1345 1472 eu

199 1514 343 1590 quamdiu
358 1493 645 1588 superemineat,
661 1513 822 1573 eorundem
837 1516 1041 1588 aedificiorum
1056 1533 1134 1594 esse,
1155 1517 1346 1592 simulatque

199 1617 270 1678 inde
285 1617 362 1678 dem
366 1623 407 1692 pt
412 1633 433 1676 α
447 1621 558 1685 essent,
574 1617 712 1676 continuo
726 1617 757 1676 r‘n
770 1618 931 1691 pristinam
945 1634 1084 1679 caussam
1098 1619 1231 1678 reverti!

264 1791 266 1796 .
284 1716 453 1780 Postremo
469 1735 567 1801 quarn
582 1715 822 1800 oppositionem
832 1705 916 1781 ¹Vito
932 1726 965 1782 et
981 1715 1187 1784 Gothofredo
1203 1716 1343 1782 auetori-

198 1818 262 1884 bus
282 1816 476 1882 Huschkius
503 1815 648 1881 instituit
671 1839 731 1904 per
757 1817 1001 1884 adversativam
1027 1818 1157 1905 qualem
1182 1817 1346 1903 intellegit

198 1918 407 2006 particulam:
426 1927 496 1983 ‘ast
510 1925 562 1998 qui
575 1923 675 1983 iunxit
684 1967 691 1984 .
707 1925 729 1983 .'
744 1957 786 1966 -
802 1941 868 2006 que.
882 1943 923 1984 ne
939 1919 1018 1986 alibi
1034 1921 1166 2008 quidem
1178 1921 1342 1987 abstinue-

198 2031 275 2088 rrmt
289 2021 446 2104 editores3
467 2030 504 2086 ut
518 2043 561 2086 ex
574 2019 710 2108 Ulpiani
725 2021 836 2086 verbis
851 2022 893 2088 fr.
910 2022 966 2104 26,
985 2025 1014 2088 l.
1036 2022 1154 2088 Collet.
1170 2022 1308 2114 xvir,
1326 2024 1342 2087 1
1360 2027 1363 2031 ’

200 2129 245 2190 ‘td
257 2130 335 2190 enim
350 2134 469 2189 caurum
484 2135 528 2188 est
540 2130 605 2202 lepe
618 2128 691 2187 XII
702 2127 872 2188 tabularum
892 2128 977 2188 hac:
997 2129 1054 2189 “si
1072 2131 1223 2190 intestatus
1250 2132 1344 2190 mort-

199 2237 249 2292 tur
264 2277 270 2290 .
288 2235 309 2292 .'
325 2248 399 2291 cum
415 2225 533 2293 Contio
542 2273 551 2309 ‚
566 2225 703 2292 Pithoeo
719 2225 792 2290 aliis
809 2249 912 2312 nuper
927 2226 1150 2312 Boeckingius
1171 2227 1207 2292 in
1221 2225 1273 2292 ed.
1287 2225 1343 2291 Ul-

198 2331 290 2418 piani
305 2337 423 2417 quarta
437 2328 584 2395 efficeret
598 2333 671 2394 ‘ast
689 2336 717 2394 si
735 2335 787 2393 tot.
803 2335 854 2393 m.'
870 2354 927 2395 -ι
950 2351 989 2395 ea
1009 2340 1042 2396 et
1062 2330 1136 2417 ipsa
1150 2330 1219 2396 vim
1233 2328 1345 2396 intulit

199 2431 275 2517 legi.
304 2431 438 2497 Etenim
452 2432 595 2518 primum
609 2431 668 2496 tali
684 2431 884 2519 oppositioni
901 2431 1022 2498 diserte
1038 2453 1215 2519 expressae
1234 2430 1343 2496 nullus

199 2543 249 2600 est
262 2533 353 2600 locus
368 2533 402 2597 in
416 2532 489 2619 lege
504 2533 788 2601 coniunctionibus
803 2534 1009 2620 parcissima:
1038 2534 1131 2600 euius
1146 2535 1181 2598 in
1195 2534 1343 2619 reliquiis

199 2637 283 2703 duae
298 2646 427 2702 tantum
439 2645 650 2722 compareant
665 2635 822 2723 temporis
837 2636 934 2702 finem
947 2636 1132 2704 accuratius
1144 2636 1343 2702 constituen-

199 2749 248 2804 tes
264 2740 311 2806 11
328 2745 356 2804 sr'
368 2743 399 2802 r'rr
414 2744 461 2804 ius
475 2749 568 2812 voert,
584 2745 639 2803 iro:
653 2745 687 2802 ar·
699 2745 737 2811 it,
750 2745 961 2804 antestamim:
982 2745 1102 2818 tritor
1117 2740 1190 2824 (ie.
1201 2748 1272 2804 tum
1289 2737 1342 2803 de-

198 2842 302 2927 mum)
315 2861 361 2906 em
371 2847 470 2922 cupito
481 2879 522 2890 —-
533 2842 577 2908 cf.
588 2841 712 2910 Paulus
724 2839 807 2909 Exc.
822 2865 865 2908 ex
877 2843 974 2908 Festo
986 2841 1140 2929 p3105M.
1153 2845 1342 2921 Ἷρὲιαν...
1420 2889 1423 2894 -

199 2949 284 3026 apud
303 2950 440 3025 antiquos
462 2949 629 3041 ponebatur
650 2966 710 3025 pro
730 2951 801 3011 inde
820 2959 848 3010 et
865 2955 970 3026 postea
990 2955 1020 3010 et
1033 2952 1117 3018 tum';
1137 2944 1209 3009 sim.
1233 2941 1343 3009 Plaut.

199 3047 321 3134 Amph.
336 3048 354 3113 I
371 3048 406 3128 1,
424 3047 495 3113 145.
518 3047 588 3112 Mil.
605 3047 650 3132 gl.
668 3047 723 3112 III
748 3049 781 3130 1,
805 3049 876 3113 177.
900 3047 975 3113 Cae.
997 3046 1092 3129 112,
1115 3047 1168 3112 39.
1190 3044 1342 3110 Handius

98 3179 103 3186 ·
198 3147 338 3216 Tursell.
355 3148 409 3216 HI
426 3149 497 3214 185.
520 3150 555 3216 ΙΙ
571 3149 634 3216 252
647 3186 691 3200 -«
705 3159 739 3215 et
758 3149 813 3217 III
830 3151 847 3214 1
864 3174 911 3237 sq.
932 3155 1056 3228 triptota
1077 3153 1141 3214 dr'es
1160 3154 1231 3213 r'ustr‘
1247 3157 1342 3212 sunto

198 3259 283 3318 Post
297 3256 432 3317 deinde
446 3271 553 3316 manus
568 3257 685 3317 inrectio
698 3262 774 3317 esto:
800 3253 890 3340 quod
904 3252 1078 3339 quominus
1095 3254 1252 3330 ‘postidea’
1273 3270 1342 3315 eor-

197 3355 342 3441 rigamus
358 3375 432 3420 oum
447 3352 612 3440 Scaligero
635 3355 679 3419 ed
693 3355 782 3422 Fest.
796 3380 829 3422 v.
845 3376 983 3421 nervum
997 3353 1112 3441 Lipsio
1127 3353 1266 3435 Ursino,
1287 3351 1343 3417 ob·

199 3467 266 3523 stat
281 3465 314 3522 et
327 3456 416 3522 idem
437 3457 613 3543 repetitum
633 3457 666 3522 in
687 3457 788 3524 Gellii
810 3457 1029 3545 descriptione
1043 3456 1114 3521 XX
1131 3457 1165 3538 1,
1180 3455 1224 3519 44
1245 3459 1345 3519 ‘Post

198 3564 334 3625 deinde
357 3565 416 3624 nisi
434 3564 625 3624 dissolverem
645 3565 689 3625 ad
704 3569 875 3640 praetorem
894 3564 1104 3638 vocabantur',
1132 3568 1164 3624 et
1190 3557 1343 3623 similium

198 3661 400 3749 comparatio
414 3660 503 3728 unde
517 3661 585 3728 eius
601 3664 731 3748 generis
748 3663 1000 3729 cumulationem
1015 3685 1057 3727 ex
1076 3684 1167 3729 more
1181 3658 1342 3748 antiquio·

197 3765 243 3830 ris
274 3764 429 3830 sermonis
455 3763 558 3830 fuisse
585 3766 820 3852 cognoscimus.
857 3765 901 3832 cf.
928 3764 1036 3831 Plaut.
1059 3762 1220 3830 suen-ss
1244 3763 1280 3845 1,
1300 3761 1343 3826 29

194 3872 298 3949 possid
310 3872 402 3947 tpitur
416 3872 541 3946 ddrde,
566 3867 687 3955 Amph.
703 3867 757 3934 III
775 3871 804 3950 1,
822 3869 862 3934 16
871 3878 941 3948 post
954 3873 1043 3948 tortor
1058 3872 1190 3937 demum,
1207 3865 1339 3930 Terent.

198 3969 302 4036 Andr.
320 3969 373 4035 ΠΙ
388 3969 419 4053 2,
435 3970 456 4035 3
465 3980 552 4050 poste
567 3975 682 4048 deinde,
697 3971 830 4036 Lucret.
843 3969 898 4036 ΙΙΙ
912 3969 975 4034 528
986 3980 1056 4050 post
1069 3975 1148 4045 inde,
1163 3966 1271 4033 Varro
1286 3966 1306 4031 l.
1319 3965 1341 4031 l.

197 4071 229 4136 V
244 4073 344 4152 9post
357 4083 425 4150 tum,
442 4071 570 4138 Gellius
586 4073 653 4139 XV
669 4073 719 4155 12,
736 4073 837 4152 3port
849 4077 958 4137 deinde
974 4072 1030 4137 al:
1048 4093 1145 4160 quem
1163 4067 1286 4134 morem
1306 4069 1342 4133 in
1452 4159 1455 4162 Ι

197 4173 328 4260 vulgari
342 4174 470 4260 lingua,
486 4183 524 4239 ut
538 4174 685 4256 videtur,
708 4169 830 4239 diutius
845 4184 1032 4243 manentem
1052 4196 1093 4239 ne
1115 4195 1135 4238 a
1148 4172 1340 4259 posterioris

197 4275 330 4363 quidem
350 4277 468 4342 aetatis
489 4265 704 4363 scriptoribus
725 4275 867 4342 alienum
894 4299 966 4343 esse
987 4274 1139 4363 exempla
1159 4273 1278 4338 docent
1299 4276 1341 4342 ab

90 4477 93 4482 Ι
197 4375 329 4444 Handio
352 4376 494 4445 Tursell.
509 4377 546 4444 Π
560 4376 633 4444 242.
654 4378 705 4445 IV
720 4378 782 4445 502
801 4389 974 4466 congesta,
1000 4379 1120 4466 quibus
1141 4374 1227 4444 adde
1247 4376 1342 4444 Pom-
