3282 4992
291 285 331 352 14
716 299 829 352 cssur
850 296 998 352 rsruvu.

289 455 350 522 Ille
371 457 457 522 enim
472 455 701 545 perspicuitati
717 457 852 522 studens
867 459 902 522 in
918 479 1011 522 suum
1026 479 1123 521 usum
1138 455 1301 523 convertit
1316 453 1435 544 legem,

288 581 354 626 uon
370 561 464 624 citat:
482 559 568 624 sicut
583 558 663 624 alibi
679 579 808 646 quoque
822 557 865 622 ad
881 580 953 622 eam
964 559 1097 645 respicit
1111 557 1201 624 fonte
1213 581 1280 624 non
1289 559 1436 624 indicato
1450 610 1453 616 .

290 659 1008 752 (cf.1113,19=11;20=13et6)-
1022 681 1064 725 ne
1084 661 1119 726 id
1134 682 1386 728 commemorem
1400 662 1437 725 in

291 762 376 828 libro
403 760 615 828 celeberrimo
642 784 701 848 per
726 770 831 827 totum
854 761 998 827 medium
1029 779 1147 828 aevum
1176 763 1329 830 manibus
1355 765 1435 828 trito

288 864 383 952 plura
404 863 531 950 antiqui
551 864 711 929 sermonis
734 864 876 949 vestigia
900 865 965 928 iam
985 874 1062 929 ante
1083 873 1270 930 nostrorum
1285 865 1437 930 codicum

290 967 482 1032 memoriam
497 965 643 1030 extincta
657 964 801 1050 fuisse.¹)
816 1004 859 1013 -
881 965 989 1031 Aliter
1011 988 1090 1030 sane
1111 987 1164 1032 res
1180 989 1215 1032 se
1230 966 1331 1033 habet
1345 965 1436 1054 apud

288 1209 328 1258 XI
346 1207 388 1271 14)
408 1207 571 1259 adversatur
588 1205 761 1272 Boeckingio
780 1203 906 1270 ‘familia’
927 1205 990 1257 inde
1009 1207 1063 1274 ipsi
1075 1207 1195 1273 Ulpiano
1208 1207 1373 1258 restituenti.
1397 1207 1435 1257 At

289 1293 361 1362 quod
379 1293 543 1343 alterutrum
561 1291 651 1342 omitti
669 1306 749 1341 exre
768 1291 855 1342 fuisse
873 1285 1049 1358 utrorumque
1068 1293 1182 1355 statuit,
1203 1297 1231 1342 et
1243 1293 1356 1343 nimium
1373 1307 1435 1358 pro·

288 1379 339 1430 bat
356 1384 386 1429 et
402 1391 500 1444 parum
519 1377 642 1442 explicat
660 1375 908 1428 iureconsultorum
921 1377 1170 1442 conspiratIonem,
1191 1393 1224 1428 ex
1238 1376 1338 1442 quibus
1350 1377 1435 1428 Paul-

288 1463 343 1516 lum
361 1481 396 1516 ne
414 1465 508 1529 legere
527 1461 636 1527 quidem
652 1461 776 1529 potuisse
788 1463 907 1528 ‘familia’
922 1479 957 1514 ex
967 1463 1123 1514 sententiae
1135 1462 1243 1514 ratione
1257 1463 1434 1514 manifestum

290 1555 340 1603 est.
381 1551 452 1600 Tum
475 1547 610 1600 familiam
635 1548 707 1613 quod
731 1549 836 1614 accipit
857 1547 892 1598 de
915 1547 1094 1600 successione
1116 1552 1145 1598 et
1173 1548 1202 1597 in
1224 1549 1435 1600 universitatem

289 1634 473 1702 acquisitione
493 1634 541 1697 (ci.
562 1634 646 1684 etiam
665 1633 741 1684 Stud.
759 1633 809 1683 iur.
829 1648 895 1686 rom.
913 1649 939 1699 p.
958 1634 1017 1684 248.
1036 1630 1434 1699 BoeclsingiusPand.p.162

288 1722 395 1783 542⁶),
419 1735 451 1770 eo
475 1733 559 1769 sensu
580 1733 677 1769 vereor
703 1722 734 1768 ut
756 1717 905 1768 secundum
930 1717 998 1768 iuris
1024 1719 1147 1767 rationes
1175 1722 1240 1783 apte
1269 1718 1325 1767 dici
1349 1717 1435 1768 liceat

289 1810 386 1873 ‘lepore
404 1819 487 1870 super
503 1803 634 1854 familia)
670 1801 725 1855 Sed
747 1817 859 1868 prorsus
883 1802 978 1854 eodem
1001 1802 1080 1853 modo
1103 1803 1197 1853 rhetor
1220 1803 1248 1852 in
1271 1803 1333 1866 lege
1353 1817 1434 1868 qnam

288 1893 384 1944 statim
402 1890 480 1942 addit
496 1891 532 1939 ‘ai
546 1889 733 1954 paterfamilias
750 1891 870 1940 intestato
882 1891 1001 1951 momnis,
1018 1889 1147 1952 familia
1163 1890 1363 1954 pecuniaque
1381 1891 1435 1939 eius

288 1981 425 2044 udqaatam
440 1975 616 2040 peutiliumque
640 1976 704 2025 ccto’
723 1998 757 2011 -
778 1975 808 2024 iu
824 1973 879 2025 XII
903 1979 946 2026 est
967 1977 1106 2038 ‘adqnuiua
1128 1974 1262 2039 proaiinua
1280 1974 1435 2037 familiam

288 2065 390 2116 tadeto'
415 2065 443 2112 et
465 2061 582 2126 ‘qeatiics
602 2059 754 2122 familiam
777 2059 896 2111 tatento’
914 2085 948 2096 -
969 2059 1059 2118 iunxit
1078 2061 1186 2123 ‘familia
1207 2061 1376 2125 pewuiaque'
1400 2075 1435 2110 ex

289 2147 448 2214 frequentia
466 2143 629 2211 posterioris
647 2158 724 2208 usus,
746 2144 836 2209 qualis
848 2147 903 2195 iam
916 2150 1034 2211 apparet
1045 2145 1074 2194 iu
1087 2145 1302 2210 mancipationis
1315 2145 1435 2197 formula

288 2233 363 2303 apud
387 2232 487 2283 Gaium
505 2229 532 2280 11
556 2229 604 2278 104
627 2232 636 2259 ‘
641 2229 763 2291 familiam
784 2232 966 2297 pecuniamque
988 2223 1062 2292 suani,
1079 2233 1144 2282 endo
1167 2231 1311 2280 mandatam
1333 2235 1434 2280 tutelam

287 2320 490 2383 custodelamque
507 2307 595 2365 meard’
615 2330 638 2367 e.
659 2330 684 2379 q.
703 2330 725 2366 s.
745 2315 781 2364 ci.
802 2314 911 2366 Gellius
929 2316 942 2365 I
960 2319 985 2380 9,
1006 2317 1046 2367 12.
1072 2315 1160 2379 1124,
1181 2317 1222 2368 12.
1247 2315 1312 2367 XVI
1332 2302 1376 2379 10,Ι
1393 2319 1433 2366 11.

288 2407 391 2454 Festus
413 2418 438 2454 v.
462 2405 600 2453 sacratae.
628 2399 776 2450 Suetonius
798 2401 870 2450 Nero
891 2402 908 2449 4
932 2399 984 2454 al.=
1006 2401 1054 2452 ubi
1076 2401 1148 2466 quod
1172 2399 1276 2466 duplici
1297 2400 1434 2452 vocabulo

290 2488 451 2555 exprimitur
467 2511 501 2523 -
519 2485 574 2539 vid.
593 2487 679 2536 Inscr.
699 2485 776 2535 Grut.
795 2501 820 2550 p.
840 2485 890 2536 636
907 2501 933 2535 n.
953 2487 969 2536 9
988 2487 1118 2548 ‘funiilimu
1135 2488 1276 2536 munitius
1289 2489 1434 2550 pecuniam·

234 2569 240 2577 ’
289 2589 336 2640 que
355 2615 361 2628 .
382 2575 455 2626 ...²
478 2597 512 2608 -
534 2569 563 2620 id
584 2570 647 2621 sola
670 2570 836 2636 pecuniae
859 2575 971 2621 notione
994 2572 1023 2620 in
1044 2572 1098 2622 XII
1122 2572 1348 2637 comprehensum
1372 2587 1434 2623 esse

281 2650 397 2712 ¹Plinius
414 2658 495 2708 docet
513 2657 578 2706 XXI
596 2657 621 2717 5,
640 2657 665 2707 t.
697 2655 732 2708 ci.
752 2655 825 2708 rab:
836 2657 861 2706 V
879 2658 894 2707 7
913 2658 948 2707 ‘si
961 2656 1077 2721 furiosus
1095 2659 1208 2708 ποῦ’-
1227 2660 1362 2723 adauctum
1372 2675 1434 2724 qen·

289 2748 415 2810 tiliwnque
433 2745 459 2793 ia
477 2758 507 2792 eo
522 2743 723 2806 pecuniaque
741 2742 794 2791 eiua
810 2749 926 2806 potestas
949 2745 1030 2805 esto',
1049 2742 1098 2792 ubi
1116 2744 1243 2806 ‘familia’
1262 2739 1302 2793 in'
1315 2743 1435 2794 deterio-

288 2830 365 2880 ribus
384 2827 491 2892 aliquot
507 2824 586 2877 libris
604 2824 797 2892 interpolatur.

358 2911 378 2979 1)
396 2913 441 2964 Ita
453 2912 467 2963 I
480 2915 521 2976 13,
539 2914 572 2964 23
591 2914 625 2962 ‘ci
639 2913 754 2976 fumosus
771 2914 906 2964 existet'
924 2913 954 2964 in
972 2913 1081 2979 optimis
1100 2914 1177 2965 libris
1196 2919 1353 2980 corruptum
1372 2929 1433 2967 esse

289 3016 323 3050 ex
342 3000 417 3062 ‘sifi
435 2998 533 3050 escit’
550 2996 631 3048 fidem
649 2997 721 3047 lacit
739 2996 881 3050 Ciceronis
903 2999 1025 3050 imitatio
1046 2999 1110 3065 ipsa
1133 3014 1242 3065 quoque
1269 3003 1434 3054 correctoris

288 3100 399 3136 manum
418 3087 531 3150 experts
550 3085 625 3148 ‘sifi
644 3085 721 3132 erit'
742 3081 788 3146 (cf.
807 3082 912 3135 Paulus
930 3083 999 3138 Exc.
1018 3099 1052 3135 ex
1069 3086 1156 3135 Festo
1174 3103 1200 3152 p.
1219 3088 1251 3137 77
1271 3087 1433 3152 occisast).

192 3222 194 3234 ,
288 3171 326 3222 ib.
344 3171 488 3236 ‘leqaoeuit'
507 3167 586 3219 codd.
605 3168 734 3220 Rhetoris
753 3184 801 3234 pro
820 3171 945 3234 ‘ieqaasit'
964 3170 993 3219 iu
1010 3169 1152 3222 Ciceronis
1164 3171 1293 3222 Parisino
1311 3177 1432 3227 servato.

287 3257 316 3307 II
335 3258 374 3315 13,
393 3258 426 3306 20
445 3271 479 3305 ex
494 3255 637 3304 Prisciano
655 3253 762 3304 demum
781 3254 794 3304 1
812 3270 838 3319 p.
852 3257 902 3305 523
920 3253 955 3304 H.
974 3270 1042 3306 vera
1059 3254 1143 3308 lectIo
1162 3261 1226 3307 ‘rem
1243 3256 1286 3306 ubi
1300 3261 1432 3325 paqunt'

288 3340 361 3392 male
379 3344 537 3405 contempta
556 3356 573 3388 a
584 3339 709 3404 Kaysero
727 3338 757 3387 in
773 3338 944 3389 recentiores
962 3340 1094 3404 quosdam
1112 3341 1198 3394 libros
1216 3342 1296 3394 Rhet.
1311 3343 1432 3411 transiit,

289 3442 349 3476 cum
368 3425 586 3494 praestantiores
603 3423 730 3473 unanimi
752 3437 888 3474 consensu
910 3428 1042 3475 tueantur
1065 3427 1262 3479 correctionem
1282 3433 1432 3495 ‘paciscun-

288 3513 350 3562 tur'.
386 3511 418 3560 ln
438 3509 500 3560 aliis
519 3513 613 3558 autem
632 3508 748 3558 aliorum
768 3513 912 3560 auctorum
930 3509 1000 3560 locis
1018 3512 1077 3562 iure
1096 3513 1220 3578 dubites,
1239 3518 1328 3564 utrum
1347 3514 1431 3566 libra·

192 3619 206 3640 ·
287 3597 323 3646 rii
340 3595 438 3646 vitium
458 3611 496 3645 an
512 3595 600 3660 ipsius
619 3593 763 3660 scriptoris
787 3607 933 3659 agnoscas.
969 3594 1054 3646 Culus
1077 3602 1188 3661 generis
1211 3604 1254 3649 est
1272 3593 1432 3652 ‘soliaco-

287 3683 372 3733 caeua’
392 3680 465 3747 apud
482 3681 634 3732 Varronem
654 3677 720 3744 (bis)
738 3679 853 3728 Festum
872 3679 1053 3732 Censorinum
1071 3683 1366 3752 Macrobium('l'.19)
1384 3701 1433 3752 pro

287 3771 348 3819 ‘soi
364 3767 481 3818 occmrss'
500 3765 573 3830 quod
595 3765 694 3815 nitItur
711 3763 813 3816 diserto
833 3764 918 3815 Gellii
940 3767 1105 3822 testimonio.
1141 3769 1314 3835 Quamquam
1337 3771 1433 3822 nescio

288 3869 324 3904 an
341 3856 489 3920 peccatum
507 3852 536 3902 in
555 3850 631 3902 codd.
650 3851 741 3916 potins
758 3851 857 3900 innuat
875 3851 946 3916 quod
964 3853 1088 3917 sequitur
1105 3854 1177 3920 apud
1190 3855 1369 3907 Censorinum
1387 3861 1435 3908 ‘ad

286 3941 382 3990 solem
400 3939 543 3989 occasum’:
561 3941 592 3986 ut
610 3934 654 3988 vel
672 3936 737 3986 hinc
755 3949 851 3999 parum
870 3937 1074 3987 commendetur
1085 3938 1201 4006 Bergkii
1220 3940 1290 3991 ratio
1310 3945 1357 4008 qni
1370 3957 1433 3994 con-

287 4028 391 4091 tempto
409 4022 501 4076 (sellio
519 4024 601 4074 ‘sodo'
620 4023 734 4087 agnovit
757 4025 900 4086 antiquum
924 4022 1122 4075 nominativum
1146 4026 1242 4091 quales
1263 4035 1329 4077 sunt
1347 4033 1433 4079 ‘mer-

288 4111 354 4174 cia’,
372 4110 515 4169 ‘mentis',
534 4107 648 4172 ‘Iovis’,
668 4107 769 4166 ‘sale’,
788 4108 894 4158 ‘lacte’
914 4107 951 4162 al.
971 4105 1042 4171 (Ind.
1061 4109 1127 4160 Hal.
1147 4113 1213 4162 1860
1230 4129 1256 4178 p.
1275 4114 1299 4165 V.
1317 4129 1357 4178 sq.
1376 4119 1432 4164 not.

286 4193 465 4246 Fleckeiseni
482 4193 582 4244 Annal.
602 4195 666 4245 1861
685 4209 712 4258 p.
730 4192 800 4257 503).
819 4217 853 4230 ·-
872 4192 977 4244 Contra
996 4203 1046 4260 pro
1066 4201 1142 4246 certo
1159 4193 1250 4248 habeo
1268 4201 1343 4250 ‘diei’
1362 4198 1433 4264 quod

287 4284 350 4347 post
367 4281 494 4332 ‘occasus’
513 4279 601 4332 altero
613 4278 746 4330 Varronis
764 4279 827 4330 loco
845 4281 897 4332 VII
914 4283 947 4332 ol
966 4279 1026 4331 cod.
1044 4279 1145 4332 inserit
1162 4307 1196 4318 -
1213 4297 1277 4334 nam
1295 4283 1368 4350 apud
1380 4285 1432 4335 Ee-

288 4371 361 4418 etum
379 4365 481 4416 iniuria
498 4365 642 4436 suppletur
658 4389 694 4404 -
710 4381 765 4418 nou
785 4380 844 4418 esse
864 4382 881 4417 a
899 4366 1023 4418 Varrone
1041 4365 1202 4432 proiectum.
1472 4359 1473 4362 ’
