3282 4992
378 286 426 334 nu
449 285 500 332 xu
523 285 736 334 rnuvnnuvrr
759 283 936 368 unnreurrs
959 287 1204 338 conclusurus.
1326 273 1367 339 61

223 439 278 506 Ex
303 440 422 527 quibus
448 439 625 525 diligenter
650 439 736 506 inter
762 463 797 506 se
819 441 1017 527 comparatis
1037 441 1260 508 Mommsenus
1286 442 1368 508 haec

224 543 347 608 effecit:
366 547 458 608 ‘Viuo
472 554 543 608 suut
555 553 585 608 et
603 547 741 624 publicae
750 565 811 623 per
826 563 901 623 quos
916 549 961 608 ire
977 550 1097 624 (opere)
1113 550 1245 610 omuibus
1259 552 1328 610 licet
1340 557 1369 610 et

163 635 166 641 ¹
217 649 362 726 privator
376 649 480 726 quibus
495 651 640 710 nemiuem
655 653 700 710 uti
714 652 776 724 (ius
795 653 852 726 est)
870 655 995 726 praetor
1014 667 1139 726 quorum
1159 659 1236 712 sunt.
1267 651 1308 712 Et
1325 654 1367 712 itu
1423 660 1425 670 ’
1526 677 1527 686 ¹

222 754 361 827 privatae
388 751 472 812 VIII
481 752 579 828 peoes
600 754 631 811 iu
651 753 810 812 latitudine
832 753 973 828 (tutent)
995 755 1062 813 iure
1086 759 1115 814 et
1130 755 1211 830 ime,
1226 753 1368 830 publicae

224 863 368 930 quantum
388 855 467 914 rotio
489 855 623 914 utilitatis
636 853 790 931 permittit}
830 855 1023 931 (Praetereo)
1046 857 1098 916 lea
1118 855 1198 916 iubet
1216 855 1303 918 XVI
1320 859 1367 931 (iu

224 955 376 1030 omfrueto
401 959 560 1032 fluxuque
588 957 681 1032 podes
709 959 818 1032 (tutos)
846 973 909 1018 esse
943 959 1007 1018 otus
1038 964 1071 1018 ut
1102 957 1263 1035 (adiciat):
1296 961 1368 1022 Vios

223 1062 392 1120 muniunto:
409 1062 443 1118 ni
455 1074 520 1120 som
535 1061 754 1135 octupidussiut
761 1107 768 1134 ‚
784 1076 844 1135 qua
860 1062 934 1119 volet
947 1062 1074 1120 iumento
1088 1061 1192 1134 coito?

308 1160 348 1225 In
362 1157 414 1223 his
437 1165 547 1221 autem
566 1155 731 1244 plerisque
752 1180 827 1222 eum
847 1157 979 1242 egregio
998 1157 1061 1222 viri
1083 1159 1232 1224 acumine
1252 1182 1367 1224 verum

224 1261 416 1346 indagatum
432 1281 504 1326 esse
519 1258 609 1325 haud
623 1259 721 1325 facile
737 1260 912 1347 quisquam
931 1258 1131 1324 infitiaturus
1154 1266 1196 1328 sit
1219 1301 1253 1310 -
1277 1265 1367 1349 quod

223 1373 354 1451 praeter
375 1370 522 1427 extrema
541 1361 645 1428 verba
665 1361 820 1427 restituta
838 1360 873 1425 in
892 1361 1005 1448 primis
1026 1362 1116 1428 velet
1135 1361 1169 1426 in
1189 1363 1254 1430 ista
1270 1369 1370 1429 ‘XVI

223 1473 253 1530 iu
280 1467 431 1542 anfracto
462 1469 621 1543 flexuque'
646 1488 702 1529 -ε
740 1473 810 1530 tum
842 1464 876 1527 in
905 1463 1104 1550 quibusdam
1130 1465 1209 1530 mihi
1239 1468 1282 1533 ab
1311 1467 1366 1532 illo

224 1567 485 1634 dissentiendum
500 1576 562 1634 est.
591 1567 724 1633 Etenim
743 1576 781 1633 ut
795 1566 857 1632 hcc
872 1566 1012 1654 denique
1032 1568 1219 1634 testimonio
1239 1580 1367 1656 reperto

223 1669 319 1758 plane
341 1670 501 1736 evertitur
521 1669 666 1738 Puehtae
694 1667 804 1756 opinio
831 1667 901 1733 XII
928 1668 1115 1734 tabularum
1136 1670 1177 1735 de
1199 1673 1274 1737 viae
1295 1672 1367 1737 luti-

223 1773 335 1838 tudine
359 1780 535 1859 praeccpta
557 1770 640 1857 (VII
660 1771 695 1856 6)
723 1771 765 1836 ad
790 1771 880 1836 viam
901 1770 1105 1856 publicum
1132 1775 1296 1860 pertinere
1319 1775 1368 1860 (in

224 1875 308 1942 libro
331 1873 492 1942 ‘Civilist
508 1872 792 1958 Abhandlungen’
810 1873 892 1937 1823
914 1896 946 1959 p.
964 1873 1004 1940 98
1025 1873 1068 1939 cl.
1085 1873 1166 1941 Inst.
1183 1875 1218 1942 Π
1238 1877 1365 1960 §253):

223 1979 271 2045 ita
284 1977 402 2042 ultima
423 1998 502 2041 sane
523 1964 703 2064 dequibus
726 1976 854 2061 agimus
876 1975 979 2042 verba
998 1998 1063 2041 non
1083 1988 1222 2063 possunt
1241 1978 1306 2043 nisi
1327 1979 1367 2044 de

222 2078 406 2167 publicis
427 2078 492 2144 viis
513 2077 670 2164 intellegi.
700 2077 799 2160 Quod
826 2077 921 2144 docet
947 2080 1046 2145 etiam
1072 2079 1155 2144 cato
1182 2079 1223 2144 de
1248 2103 1276 2147 r.
1298 2104 1323 2146 r.
1346 2083 1368 2144 2

224 2189 313 2248 ‘uiam
325 2187 478 2262 publicum
493 2187 615 2246 muniri
632 2183 718 2248 inter
732 2179 840 2246 coloni
855 2180 965 2245 officie
976 2181 1122 2246 referens
1135 2180 1366 2267 (ef.Bergkius

223 2285 244 2351 l.
259 2285 308 2367 1.).
337 2284 412 2351 Hoc
428 2293 538 2349 autem
553 2283 674 2350 diserte
690 2283 768 2348 addi
783 2305 917 2349 necesse
933 2291 983 2348 est
1002 2283 1091 2349 ineo
1114 2281 1185 2348 loco
1201 2285 1257 2371 qui
1276 2292 1365 2350 totus

223 2395 373 2454 versetur
393 2386 429 2451 in
454 2386 644 2452 discrimine
672 2385 746 2452 viae
772 2386 924 2474 publicae
949 2396 981 2452 et
1005 2387 1155 2473 privatae
1182 2386 1367 2453 statuendo.

216 2492 340 2578 ‘Itaque
356 2489 489 2556 diversa
503 2487 875 2556 conlunditMommseni
890 2489 992 2555 ratic:
1009 2489 1066 2578 qui
1080 2511 1178 2576 quem
1192 2490 1366 2557 transitum

223 2593 365 2660 instituit
380 2601 429 2656 ‘ut
444 2597 558 2656 adiciat
564 2599 586 2673 ’‚
602 2591 631 2656 is
646 2613 751 2678 neque
766 2594 808 2659 ab
829 2591 900 2678 ipsc
922 2592 1104 2658 sententiae
1123 2614 1212 2657 nexu
1226 2615 1332 2678 neque
1347 2615 1367 2658 a

222 2695 372 2760 codicum
388 2693 549 2782 scripture
564 2699 609 2757 ‘ut
621 2699 684 2773 qui'
700 2694 780 2758 satis
796 2694 1054 2760 commendatur.
1085 2693 1155 2783 Nec
1169 2694 1274 2779 magis
1290 2705 1366 2781 apte
1429 2753 1433 2766 t

222 2799 256 2862 in
270 2797 434 2885 prioribus
450 2803 491 2860 ‘et
504 2803 545 2859 itu
557 2802 708 2875 priuatoe'
724 2796 838 2864 statim
858 2797 1006 2881 iungitur
1023 2798 1154 2863 viarum
1170 2796 1364 2862 definitioni:

223 2908 360 2984 cum‘et
373 2904 448 2964 ltoe’
471 2898 559 2985 quod
573 2897 651 2964 Vat.
673 2909 706 2964 et
720 2897 814 2964 Leid.
836 2910 1000 2968 testentur
1019 2900 1142 2965 iniuria
1162 2899 1365 2986 neglegatur.

221 3002 339 3068 Eidem
365 3011 475 3067 eutem
502 3000 577 3068 libri
602 2999 691 3088 quod
715 3000 749 3064 in
773 3001 936 3089 principio
958 3001 1115 3068 exhibent
1136 3009 1220 3067 ‘uiue
1239 3015 1308 3066 suut
1331 3013 1368 3066 et

221 3111 400 3185 publicae
420 3116 454 3169 ot
469 3111 664 3183 priuatae,
682 3110 840 3186 pritiioue'
858 3153 865 3168 .
883 3152 916 3170 ..
939 3127 1004 3170 non
1024 3105 1088 3169 fuit
1109 3104 1379 3190 repudiandumz'

222 3229 298 3271 nam
321 3206 402 3272 satis
418 3205 587 3271 Ursinieni
608 3206 767 3273 cumillis
788 3207 990 3293 conspiratio
1012 3207 1107 3272 dccet
1122 3212 1183 3270 ‘et'
1204 3206 1240 3270 in
1253 3206 1365 3272 Victo·

222 3310 315 3375 riano
333 3309 422 3396 (post
438 3310 552 3397 ‘licet’l
570 3311 790 3392 coniecturae,
812 3309 953 3374 fortasse
969 3308 1123 3374 Politiani
1144 3308 1273 3390 deberi,
1290 3330 1364 3374 cum

222 3412 369 3500 upricre-
380 3416 542 3492 ‘publicae'
559 3411 603 3476 ud
618 3411 757 3486 alterurn
771 3413 926 3480 librarius
942 3410 1157 3479 aberraverit.
1174 3411 1315 3478 Omnino
1330 3410 1365 3473 in

222 3513 272 3580 his
292 3537 359 3581 non
380 3525 449 3580 tam
469 3513 668 3600 glossemata
689 3539 787 3604 quam
807 3516 944 3580 lacunae
970 3514 1231 3603 conspiciuntur:
1261 3523 1298 3578 ut
1323 3531 1364 3578 ne

222 3622 346 3683 ‘eorum'
368 3616 500 3703 quidem
525 3617 746 3683 inducendum
772 3618 974 3704 putaverim,
1002 3615 1139 3683 sedvel
1165 3621 1363 3680 ‘auctoritate’

222 3741 295 3786 cum
308 3719 453 3804 Bergkic
474 3718 528 3784 vel
545 3757 580 3767 -
599 3721 719 3786 rectius
742 3722 858 3808 opinor
872 3758 915 3768 -
929 3725 1080 3784 ‘nomine’
1101 3741 1177 3784 cum
1192 3717 1364 3784 Huschkic

222 3821 449 3910 supplendum.
479 3822 631 3910 Denique
651 3822 733 3908 legis
753 3823 828 3910 ipsa
847 3822 951 3890 verba
970 3844 1044 3887 eum
1063 3821 1232 3909 praeclare
1247 3821 1292 3884 M.
1315 3843 1363 3884 re-

94 3986 100 3995 .
222 3925 366 3994 stituerit
381 3931 428 3990 ‘ui
439 3925 549 4010 som1)
566 3931 822 4006 delapidossiut’:
841 3947 958 4013 parum
978 3935 1089 3991 tamen
1104 3923 1256 4010 congruit
1276 3925 1363 4010 quod

221 4081 423 4096 bh-Offl

289 4185 309 4256 ¹)
332 4188 415 4240 Hanc
437 4186 608 4260 pronominis
632 4186 748 4240 formam
766 4187 856 4240 Ennio
878 4189 1012 4240 usitatum
1038 4201 1092 4238 non
1116 4189 1159 4238 est
1177 4181 1248 4251 quod
1266 4200 1364 4240 verea-
1386 4190 1388 4200 ’

220 4285 279 4326 mur
296 4274 355 4340 legi
371 4277 505 4342 tribuere:
525 4275 765 4345 quemadmodum¹
777 4275 806 4325 in
825 4273 1017 4326 Ciceronianis
1040 4285 1147 4338 quoque
1171 4271 1281 4338 legibus
1304 4277 1364 4324 ‘sis-

221 4365 283 4429 que’
302 4373 351 4428 pro
371 4364 480 4430 ‘ilique’
498 4361 575 4426 118,
594 4363 625 4412 21
645 4363 769 4414 servavit
786 4359 934 4413 Leidensis
952 4361 979 4411 H
997 4361 1037 4422 (in
1056 4360 1079 4410 Α
1096 4372 1194 4410 rasura
1217 4358 1271 4424 est)
1290 4359 1363 4410 male
