3282 4992
286 303 325 368 12
479 351 482 359 .
585 319 588 324 ¹
713 317 825 366 cnrvr
846 318 994 367 return.

284 459 494 539 incunabula¹
509 473 590 538 iuris
614 470 696 536 nihil
725 473 949 552 morabantur.
993 471 1090 538 Unde
1119 471 1219 548 IOtus
1242 474 1448 560 cpud'Gel·-

284 574 366 640 llum
381 574 466 641 XVI
484 575 532 656 10,
549 575 567 640 7
590 575 631 640 de
645 597 725 658 voce
741 565 946 654 ‘proletarius’
962 583 1096 658 rogetus
1112 581 1179 653 ‘eqo
1192 583 1285 650 vero’‚
1307 578 1426 664 inquit,

284 683 398 744 ‘dicere
412 690 500 756 atque
514 684 711 757 interpretari
724 682 779 742 hoc
794 681 944 753 deberem,
958 683 985 741 εἰ
998 683 1044 741 r'us
1058 681 1233 766 Faunorum
1248 691 1278 744 et
1292 685 1427 759 sooner-

227 828 231 839 .
283 801 354 844 num
370 780 589 868 didicissem)
620 781 730 866 Atque
745 802 808 866 quo
824 781 967 845 evaserit
981 780 1050 844 iste
1060 789 1275 866 contemptus,
1293 783 1373 847 satis
1390 803 1429 862 es

283 881 431 947 indicent
445 904 528 967 quse
544 904 591 948 ex
600 882 775 969 Pomponii
785 920 827 932 —
839 882 894 968 qui
910 882 996 947 vixit
1010 882 1253 949 Antoninorum
1269 892 1376 949 aetate
1388 922 1429 934 -
1459 871 1463 877 ¹

285 982 467 1061 enchiridio
500 984 541 1049 de
573 984 700 1078 origine
730 984 811 1080 iuris
844 984 994 1070 exposita
1020 985 1055 1050 in
1087 983 1244 1070 Digestis*
1263 984 1427 1072 leguntur,
1541 1002 1545 1007 ·
1634 969 1635 1024 l

273 1087 381 1173 ‚plene
402 1078 459 1149 ills
479 1087 637 1152 vitiorum
658 1097 690 1152 et
705 1073 1005 1174 perturbationis.²)
1034 1087 1121 1152 Hinc
1142 1097 1252 1178 autem
1272 1111 1428 1175 saepenu-

286 1210 376 1254 mero
398 1188 535 1270 accidit,
556 1199 593 1254 ut
613 1211 687 1254 oum
706 1188 779 1274 lege
794 1227 835 1236 -
851 1189 943 1253 ouius
964 1189 1066 1270 ferme
1087 1212 1152 1273 non
1173 1189 1210 1255 fit
1226 1191 1348 1256 mentio
1364 1191 1428 1256 nisi

284 1290 320 1353 in
334 1290 404 1354 iure
420 1291 592 1356 etiamtum
607 1291 746 1376 probato
763 1329 805 1338 —-
818 1291 865 1372 id,
882 1291 969 1377 quod
984 1293 1163 1377 posteriore
1174 1291 1307 1358 demum
1321 1301 1428 1359 aetate

284 1413 326 1456 ex
351 1393 620 1478 interpretatione
644 1391 856 1479 prudentium
882 1391 1038 1476 accessit,
1064 1393 1300 1460 confundatur:
1332 1419 1429 1482 quam

283 1493 568 1580 reprehensionem
582 1517 623 1560 ne
639 1495 742 1561 Gaius
759 1492 908 1583 quidem,
930 1495 986 1583 qui
999 1495 1200 1582 peculiarem
1214 1495 1335 1563 librum
1351 1497 1428 1563 scri-

227 1674 230 1679 ·
283 1596 351 1683 psit
373 1595 416 1660 e'd
436 1595 542 1681 legem
563 1582 860 1680 XIltobulorum,
887 1599 975 1663 omni
997 1619 1039 1662 ex
1058 1606 1153 1686 purte
1173 1600 1301 1668 vitavit.
1343 1599 1429 1665 Nam

209 1715 213 1720 '
282 1720 368 1786 quse
383 1720 404 1762 e
418 1697 575 1764 Cicerone
591 1697 721 1763 disertis
737 1700 849 1766 verbis
865 1698 1099 1786 disiunguntur
1113 1724 1146 1787 p.
1163 1701 1305 1767 Caecina
1322 1703 1372 1785 19,
1387 1702 1430 1768 54

285 1805 362 1864 ‘Lex
376 1818 460 1865 esum
474 1811 504 1866 et
517 1807 722 1866 auctoritatem
734 1807 830 1879 surde*
843 1805 921 1867 iubet
934 1807 1180 1868 esse-biennium:
1203 1815 1237 1868 et
1250 1803 1361 1869 utimur
1375 1826 1428 1870 eo-

284 1908 351 1967 dem
376 1909 443 1967 iure
468 1909 499 1967 in
514 1907 649 1967 ‘aedibus
675 1925 752 1989 quere
771 1911 804 1968 tn
826 1910 890 1982 leffe
910 1925 969 1968 corr
989 1911 1194 1985 appelluntur’
1217 1915 1249 1975 et
1270 1907 1306 1970 in
1326 1907 1427 1994 'Iopi-

283 2005 330 2068 cis
345 2004 383 2086 4,
404 2004 446 2069 23
473 2009 631 2081 ‘Quoniam
651 2027 722 2072 usus
743 2012 906 2071 auotoritas
918 2011 1014 2083 fundi
1032 2011 1256 2086 bremetensem,
1283 2015 1322 2073 sr't
1340 2017 1429 2074 ettam

284 2111 421 2170 aedium:
444 2119 478 2172 at
497 2113 528 2171 r'n
549 2115 613 2186 lere
637 2113 728 2174 aedes
742 2129 801 2172 non
817 2116 1011 2190 appellentur
1025 2119 1055 2174 et
1067 2121 1314 2176 suoteetererum
1327 2113 1429 2176 rerum

284 2215 414 2273 omnium
429 2231 557 2288 querum
572 2231 691 2276 annuus
704 2221 748 2276 est
761 2218 855 2276 usus’:
871 2210 986 2276 eedem
1001 2205 1113 2278 turbat
1128 2211 1230 2278 Gaius
1247 2212 1328 2290 lust.
1339 2212 1429 2279 1142

283 2317 461 2393 ‘(Usueapr‘o
475 2321 588 2394 ouem)
605 2319 752 2378 mobilium
767 2319 885 2393 quidem
896 2335 1003 2378 rerum
1018 2334 1098 2378 enno
1118 2322 1294 2394 completur,
1314 2319 1431 2404 [απαξ

283 2435 371 2479 vero
390 2425 426 2478 et
446 2420 592 2480 aedium
613 2417 745 2479 biennio:
766 2428 795 2480 ‘et
814 2423 856 2480 r'te
877 2423 941 2494 lere
956 2419 1027 2480 XII
1043 2422 1213 2482 tubulorum
1228 2431 1348 2484 erutum
1361 2414 1427 2484 ests·

176 2576 178 2581 .
284 2516 373 2598 Quin
393 2539 503 2582 seeum
517 2519 588 2604 ipse
603 2525 724 2599 certat,
741 2540 815 2582 oum
830 2518 1027 2584 furtivarum
1042 2541 1150 2584 rerum
1166 2530 1199 2584 et
1213 2522 1247 2586 vi
1262 2544 1428 2608 possessa·

283 2641 355 2683 rum
376 2620 609 2706 usucapionem
630 2642 689 2706 per
710 2618 816 2704 legem
835 2619 907 2687 XII
928 2620 1115 2686 tabularum
1136 2622 1335 2709 prohibitam
1356 2647 1428 2690 esse

284 2721 531 2799 stetust1149:¹
553 2744 628 2786 nam
648 2722 845 2789 furtivarum
865 2732 993 2788 tantum
1014 2733 1179 2789 aeternam
1200 2726 1428 2792 auctoritatem

283 2821 338 2887 lex
353 2822 424 2888 XII
446 2846 518 2889 esso
541 2823 660 2909 voluit,
686 2827 721 2893 vi
741 2819 1041 2914 possessarum'lex
1061 2823 1146 2891 Iulia
1158 2837 1199 2892 ‘et
1218 2829 1364 2911 Plautia,
1392 2840 1429 2895 ut

283 2925 439 2990 docemur
460 2931 492 3008 ξ.
513 2926 570 3011 45;
602 2949 698 3015 quem
728 2927 970 3016 neglegentiam
994 2951 1111 3015 perum
1139 2935 1225 3016 epte
1240 2931 1427 2997 Dirksenus

285 3025 432 3112 (Fregm.
449 3027 520 3092 XII
535 3020 625 3096 rabbi
643 3053 675 3117 p.
693 3031 774 3117 592)
786 3032 862 3098 inde
884 3041 1038 3116 excusat,
1061 3032 1149 3120 quod
1171 3040 1279 3099 aetate
1302 3031 1427 3100 decem·
1467 3106 1471 3114 .

190 3123 194 3132 ‘
285 3129 393 3195 virum
417 3130 562 3198 violenta
586 3135 750 3225 possessio
777 3133 820 3199 ad
845 3135 970 3200 furtum
997 3134 1150 3201 videatur
1179 3133 1285 3200 relata
1314 3135 1426 3202 fuisse.

283 3231 411 3298 Similis
426 3233 514 3324 opud
535 3245 658 3300 ceteros
683 3259 745 3301 usu
766 3238 913 3310 veniunt.
936 3243 988 3302 Ita
998 3237 1088 3324 quod
1099 3235 1234 3300 Paullus
1247 3235 1336 3302 Sent.
1349 3237 1427 3303 IV8

284 3333 416 3418 (Collat.
432 3335 561 3418 XVI'3,
577 3338 612 3422 3)
628 3336 669 3401 de
684 3337 829 3422 legitimo
844 3338 1002 3406 heredum
1018 3337 1132 3419 ordine
1146 3347 1240 3404 notat
1255 3343 1340 3404 ‘sane
1354 3360 1429 3404 eon-

282 3444 462 3514 sanquinem
475 3444 527 3501 lex
541 3458 600 3501 non
616 3443 861 3518 adprehenderat
867 3467 877 3514 ,·
898 3448 1140 3522 interpretatione
1150 3447 1345 3522 prudentium
1356 3450 1429 3522 pri*

282 3558 361 3602 mum
382 3545 458 3602 inter
479 3551 605 3616 renatos
624 3548 720 3604 torum
741 3551 946 3624 occeperunt:
973 3544 1124 3610 videmus
1145 3543 1247 3610 nihilo
1269 3545 1370 3610 setius
1387 3547 1430 3612 ab

282 3640 424 3726 Ulpiano
440 3641 495 3706 Fr.
513 3641 662 3710 XXVII
681 3640 812 3727 (Collat.
830 3643 914 3710 XVI
926 3645 958 3727 4,
977 3647 1008 3731 1)
1026 3647 1284 3730 consanguineos
1301 3671 1429 3736 quoque

270 3741 360 3827 legi·
375 3742 488 3809 tribui.
532 3735 602 3810 Nec
628 3745 778 3831 profecto
809 3748 993 3814 cumidem
1019 3748 1182 3834 Ulpianus
1204 3748 1246 3814 fr.
1269 3749 1375 3816 X112
1397 3760 1430 3818 et
1490 3764 1494 3772 ’

244 3970 250 3987 =
351 3948 370 4014 1)
390 3951 427 4004 el.
446 3951 509 4002 Sex.
530 3950 671 4002 Caecilius
694 3951 777 4004 Ictus
795 3955 935 4006 Favorino
958 3955 1121 4022 philosopho
1145 3956 1299 4010 collocutos
1322 3959 1360 4010 ib.
1379 3961 1429 4012 XX

276 4040 400 4095 ·1,os.

312 4096 317 4102 ³
349 4054 470 4186 ²)qHsnc
493 4125 580 4173 totam
603 4124 794 4188 quaestionem
816 4126 920 4191 optime
942 4129 1127 4194 pertrectavit
1145 4129 1301 4180 Dirksenus
1321 4125 1438 4183 ‘Ueber'
1483 4181 1486 4187 .

281 4207 326 4257 die
346 4208 452 4274 Spuren
469 4209 566 4270 histor.
584 4208 678 4258 Kritik
696 4209 751 4260 und
770 4211 909 4276 antiquar.
928 4213 1092 4280 Forsehung
1108 4216 1137 4265 in
1156 4216 1209 4295 den
1222 4215 1364 4267 Schriften
1382 4216 1430 4267 der
1469 4269 1471 4274 ,

279 4295 347 4344 rom.
357 4293 494 4347 Juristen’
512 4295 542 4344 in
561 4294 630 4346 libro
644 4293 795 4346 ‘Versuohe
808 4311 831 4348 z.
844 4297 938 4348 Kritik
950 4316 977 4351 u.
992 4299 1151 4366 Auslegung
1163 4301 1212 4351 der
1224 4304 1293 4356 stin.
1306 4301 1423 4352 Rechts-

282 4376 404 4443 quellen’
422 4395 448 4446 p.
468 4383 517 4432 203
537 4396 589 4446 sq.v
1215 4384 1234 4394 ''
