3282 4992
272 275 313 340 32
541 285 547 290 '
689 287 801 338 osrvr
824 285 999 337 arnnavn.

272 447 449 513 verborum
476 465 560 531 quae
588 445 773 510 eommunia
795 428 963 524 dicuntur,
990 443 1026 506 id
1052 453 1103 509 est
1128 441 1362 529 deponentium
1389 453 1422 509 et

273 549 381 614 active
397 557 429 612 et
444 549 576 634 passive
590 555 824 633 usurpatorum
835 545 861 632 ¹)
877 545 920 609 ad
935 545 1073 611 verbum
1088 544 1233 610 testandi
1249 546 1330 610 haec
1340 547 1421 612 citat

272 655 403 714 ‘Aeliae-
426 654 549 730 inpubes
568 655 710 730 libripens
724 671 787 712 esse
802 667 860 734 non
879 659 973 727 potest
991 669 1084 728 neque
1104 655 1258 712 antestari.
1288 654 1422 728 προδια-

277 751 570 838 μαρτυρηθῆναιῖἳ)
601 756 749 817 ‘Laelios'
766 758 841 815 ante
854 751 1029 837 Hertzium
1045 749 1244 835 vulgabatur
1265 772 1308 815 ex
1327 749 1421 815 libris

276 854 510 921 deterioribus:
529 863 564 919 at
580 875 652 918 cum
663 853 698 917 in
709 851 1007 934 Halberstadiensi‚
1020 875 1114 940 quem
1128 853 1244 917 ceteris
1255 849 1422 939 praetulit,

273 956 429 1023 Krehlius
455 941 595 1021 referret
620 966 734 1021 extare
762 962 899 1034 ‘celius'‚
927 944 1004 1019 inde
1031 952 1067 1018 0.
1091 953 1179 1020 Aelii
1204 976 1321 1019 nomen
1348 977 1422 1021 cum

197 1107 200 1113 -
277 1075 403 1124 summa
418 1060 569 1125 veritatis
586 1058 703 1146 speeie,
721 1059 748 1122 si
764 1066 991 1142 argumentum
1006 1065 1146 1142 spectat,
1160 1058 1308 1143 reposuit
1318 1055 1421 1121 Lach-

273 1184 411 1226 mannus
432 1160 467 1225 in
488 1159 609 1226 Annal.
630 1161 691 1225 iur.
717 1161 831 1227 scient.
851 1159 966 1226 histor.
990 1157 1043 1223 XI
1060 1159 1120 1222 116
1142 1160 1189 1243 (et
1208 1158 1252 1223 ad
1267 1157 1420 1225 GaiumI
1523 1221 1527 1226 .

274 1264 360 1348 119).

358 1366 429 1431 Iam
445 1387 523 1432 vero
540 1387 614 1430 eum
628 1387 694 1430 non
710 1373 837 1430 tantam
853 1387 925 1429 esse
939 1362 1029 1429 illius
1052 1363 1173 1430 codicis
1190 1365 1419 1431 auctoritatem

273 1491 360 1534 nunc
374 1468 506 1556 quidem
523 1469 601 1533 satis
618 1466 823 1554 exploratum
839 1466 882 1532 sit
896 1466 995 1553 idque
1013 1467 1123 1552 ipsum
1138 1489 1216 1533 num
1233 1472 1348 1532 ‘celius'
1365 1490 1419 1532 cx·

275 1581 322 1636 tet
337 1594 452 1658 perum
468 1570 592 1658 liqueat
608 1569 666 1654 (cf.
681 1568 838 1634 Hertzius
860 1570 902 1634 ad
917 1569 971 1652 1.),
993 1591 1035 1634 ex
1055 1570 1252 1654 optimorum
1273 1570 1420 1634 codicum

274 1674 437 1761 scriptura
453 1679 590 1737 ‘meiius’
606 1710 649 1719 -
663 1692 748 1758 quae
762 1670 878 1736 eadem
894 1680 944 1736 est
963 1671 998 1733 in
1014 1669 1207 1752 Quintiliani
1222 1670 1419 1758 Guelferby-

273 1785 349 1841 tano
376 1774 535 1861 simplicis
557 1773 698 1838 nominis
721 1772 865 1838 ‘Aelius'
887 1773 1052 1858 corruptio
1080 1811 1120 1820 -
1144 1773 1301 1837 Hertnius
1328 1772 1421 1837 dedit

273 1882 413 1954 ‘Aelius'‚
428 1876 469 1941 dc
490 1898 526 1941 re
541 1877 643 1942 nihilo
658 1877 760 1940 setius
774 1876 986 1952 Lachmanno
1009 1873 1272 1961 adstipulatus.³)
1304 1874 1365 1938 Cui
1379 1897 1420 1939 ne

273 1981 345 2066 ipse
361 1999 489 2066 quoque
509 1975 707 2065 adstipuler,
728 1988 858 2065 praeter
878 1976 961 2041 illud
983 1976 1071 2063 quod
1091 1977 1186 2064 posui
1209 1975 1309 2041 Gellii
1329 1974 1419 2042 locus

274 2079 356 2147 facit
370 2079 412 2144 N.
430 2081 472 2145 A.
488 2080 554 2145 XV
573 2081 610 2146 13
617 2128 626 2161 ,
644 2081 698 2144 11:
721 2082 776 2166 qui
797 2101 871 2144 oum
892 2078 990 2164 plane
1011 2077 1127 2145 eodem
1147 2077 1284 2143 oonsilio
1304 2080 1419 2145 verbo·

273 2204 347 2246 rum
362 2183 580 2247 communium
596 2191 807 2268 conspectum
823 2190 914 2267 agat,
934 2181 968 2244 in'
988 2203 1026 2246 eo
1048 2203 1184 2246 numero
1203 2189 1236 2245 ct
1256 2181 1327 2267 ipse
1349 2203 1420 2246 ver-

273 2286 352 2349 bum
373 2285 462 2371 quod
483 2294 534 2350 est
556 2292 678 2349 ‘testor’
699 2283 801 2348 refert
821 2279 935 2348 addito
957 2282 1107 2369 exemplo
1128 2305 1170 2348 ex
1191 2283 1262 2348 XII
1282 2282 1418 2348 tabulis:
1447 2273 1449 2276 ⁵

275 2390 346 2462 ‘Oui
362 2407 394 2450 se
412 2392 496 2451 aierit
516 2393 653 2450 testarier
674 2391 853 2465 libripeosre
870 2389 982 2462 faerit,
1010 2391 1043 2448 ni
1061 2391 1254 2450 testimonium
1271 2390 1420 2463 feriatur,
1527 2402 1529 2406 ’

274 2493 416 2569 inprobas
430 2493 657 2568 intestabilisque
671 2491 752 2553 est0.'
783 2488 880 2570 Quod
896 2487 924 2551 si
946 2508 1019 2551 cum
1033 2487 1194 2552 Prisciani
1216 2486 1287 2554 loco
1309 2496 1420 2554 contu-

274 2589 351 2656 leris
360 2639 369 2672 ‚
384 2599 523 2677 utroque
539 2597 647 2654 raram
663 2613 777 2656 vocem
792 2590 1131 2675 ‘libripens'piunetam
1146 2612 1219 2654 oum
1241 2612 1316 2656 raro
1337 2591 1420 2654 eius·

222 2721 228 2732 ¹
275 2693 357 2758 dem·
382 2692 475 2758 verbi
505 2715 568 2757 usu
600 2693 734 2779 passivo
763 2690 995 2778 deprehendis:
1028 2691 1107 2777 quid
1135 2691 1237 2775 igitur
1264 2689 1357 2756 aliud
1386 2693 1421 2755 in

275 2803 427 2882 promptu
443 2801 493 2858 est
508 2802 652 2860 statuere
666 2794 730 2858 nisi
745 2794 884 2858 alterum
899 2793 942 2858 ad
957 2792 1095 2857 alterum
1110 2795 1274 2880 respicere
1288 2795 1336 2860 ita
1354 2794 1421 2880 qui-

276 2898 366 2980 dem,
393 2903 431 2960 ut
456 2895 538 2980 legis
565 2896 667 2962 verba
690 2898 732 2961 ab
754 2894 849 2961 Aelio
870 2895 1054 2960 accuratius
1077 2893 1221 2961 describi
1249 2893 1422 2960 dicantur?

278 2997 394 3085 Neque
410 2999 496 3064 enim
512 2997 607 3062 aliter
622 2998 757 3064 offensio
779 2996 904 3064 tollitur
919 3019 1017 3085 quam
1036 3019 1102 3063 non
1116 2999 1188 3062 sine
1203 3020 1321 3062 caussa
1344 3020 1421 3063 non·

347 3239 368 3306 1)
387 3241 479 3294 Verbo
499 3257 705 3294 commemorem
724 3257 785 3293 eam
804 3238 1040 3292 enumerationem
1064 3239 1117 3290 etsi
1134 3243 1210 3290 recte
1227 3237 1424 3290 Lachmannus

280 3325 403 3378 affirmat
422 3343 438 3376 a
457 3327 529 3379 bono
548 3332 661 3379 auctore
680 3331 775 3378 vetere
796 3327 951 3391 profectam
971 3338 1044 3384 esse,
1067 3329 1160 3376 tamen
1181 3341 1255 3375 nuno
1277 3327 1345 3377 mire
1368 3331 1424 3376 tur-

277 3410 375 3461 batam
399 3410 457 3477 legi
484 3427 518 3462 ac
540 3412 629 3463 videri
656 3428 691 3462 ex
713 3411 819 3461 duobus
842 3411 935 3476 potius
961 3409 1085 3460 fontibus
1114 3410 1261 3462 conflatam
1289 3426 1367 3474 esse,
1391 3427 1425 3461 ex

256 3499 362 3561 lpurte
382 3497 466 3548 etiam
485 3497 695 3563 interpolatamr
715 3510 797 3560 quam
815 3511 872 3546 rem
891 3494 948 3545 alio
966 3495 1029 3545 loco
1047 3495 1158 3547 uberius
1176 3511 1336 3562 persequar.

348 3579 369 3645 ²)
389 3580 588 3647 προεδιαμαρτ.
609 3582 747 3632 Salmasio
766 3585 918 3647 praeeunte
931 3565 1135 3642 Lachmannus,
1155 3584 1185 3631 at
1204 3597 1237 3632 ea
1251 3585 1424 3637 correctione

233 3679 234 3682 ’
280 3682 335 3716 non
353 3681 421 3732 opus
441 3670 492 3721 est.
529 3667 566 3718 cf.
585 3667 737 3732 Porphyrio
757 3665 792 3716 ad
810 3667 908 3716 Horat.
928 3664 1020 3716 Sat'I
1039 3667 1067 3730 9,
1087 3666 1120 3715 65
1144 3670 1281 3717 ‘antestari
1302 3675 1341 3720 eat
1362 3682 1424 3730 erpo

280 3754 475 3813 arietariam,
494 3753 593 3804 scilieet
609 3761 743 3820 antequam
760 3768 857 3802 monam
873 3751 993 3801 iniciot’:
1013 3764 1085 3814 quae
1104 3751 1176 3802 male
1198 3752 1313 3802 vexavit
1334 3752 1424 3802 novis·

279 3839 363 3889 simus
387 3837 485 3890 editor.
525 3837 704 3903 Eandemque
732 3837 899 3890 sententiam
926 3835 1051 3902 pluribus
1081 3838 1226 3902 exequitur
1253 3835 1425 3888 Ritsehelius

278 3924 349 3974 Mus.
369 3923 408 3979 rh.
421 3923 476 3976 VII
494 3925 554 3976 574.
582 3924 754 3990 Quamquam
773 3923 865 3988 aptius
882 3921 912 3970 ni
930 3921 1014 3973 fallor
1032 3937 1092 3971 curn
1111 3923 1223 3973 ‘anhelo'
1241 3922 1294 3974 hoc
1312 3923 1426 3973 verbum

280 4010 445 4076 coniungas:
468 4014 499 4060 ut
516 4009 687 4076 praepositio
705 4025 757 4076 par
780 4009 817 4058 sit
835 4021 954 4072 graecae
972 4003 1040 4071 ovo,
1064 4007 1150 4060 umbr.
1171 4023 1219 4061 an.
1256 4007 1291 4058 ci.
1311 4006 1424 4058 Lottne-

280 4108 327 4145 rue
345 4095 374 4146 in
392 4095 485 4146 Kuhni
502 4093 602 4148 Annal.
621 4094 675 4148 VII
692 4111 718 4161 p.
737 4095 779 4144 21.

348 4178 368 4244 ³)
387 4180 492 4231 Probat
514 4181 598 4232 etiam
621 4179 777 4231 Rudorfiius
799 4179 833 4228 H.
859 4178 877 4227 i.
896 4192 917 4227 r.
936 4177 950 4228 I
967 4194 994 4244 p.
1013 4179 1063 4229 236
1082 4194 1115 4229 ac
1139 4183 1210 4229 ‘non
1234 4179 1294 4230 sine
1318 4176 1427 4228 dubita·

280 4264 375 4314 tione’
392 4264 554 4318 Huschkius
572 4266 628 4318 Inr.
642 4270 698 4318 ant.
718 4280 745 4331 p.
758 4266 804 4315 29:
824 4263 858 4312 de
871 4263 970 4314 Laelio
983 4263 1078 4314 Felice
1098 4264 1181 4315 etiam
1199 4263 1328 4330 intellegi
1345 4277 1426 4330 posse

282 4366 315 4401 ex
333 4349 464 4402 librorum
480 4350 533 4402 fide
552 4352 682 4418 opinatus
700 4368 726 4417 p.
747 4353 779 4400 ⁷3
797 4352 853 4402 not.
