3282 4992
305 278 325 340 8
741 287 854 340 csrvr
877 289 1024 338 rumve.

306 446 388 532 legis
416 444 522 510 locum
551 443 764 512 succederent
789 443 884 529 eique
910 443 1005 530 quasi
1029 441 1243 508 fundamento
1270 435 1455 529 superstru-

307 547 490 632 erentur¹):
519 555 618 633 atque
645 544 917 633 quemadmodum
944 553 1020 632 post
1046 542 1152 629 legem
1178 545 1357 613 Aebutiam
1373 555 1456 612 tota

306 648 490 716 iurisdictio
519 671 619 734 penes
643 657 811 735 praetores
834 658 920 730 erat,
945 648 992 714 ita
1017 647 1213 712 auctoritate
1238 645 1293 714 lex
1317 649 1456 715 cedebat

306 751 467 838 praetoris
483 750 602 818 edicto.
611 751 639 837 2)
660 750 723 816 His
738 773 806 816 non
820 758 1022 838 repugnant,
1037 749 1137 824 immo
1151 749 1250 815 fidem
1264 749 1391 816 addunt
1405 774 1456 833 ea,

308 875 392 942 quae
407 852 448 919 de
462 851 545 938 legis
561 853 694 918 statutis
712 851 910 941 oblitteratis
932 874 971 918 ac
991 863 1107 939 postea
1127 852 1234 918 denuo
1256 861 1380 918 mutato
1400 876 1456 919 no·

308 955 395 1020 mine
436 955 616 1044 habituque
657 955 861 1042 temporibus
897 953 1147 1024 accommodato
1181 954 1457 1026 reviviscentibus
1536 1009 1538 1012 .

308 1053 471 1123 Macrobii
486 1056 671 1122 testimonio
687 1057 903 1142 comperimus
919 1057 988 1124 Sat.
1004 1056 1059 1122 III
1076 1058 1124 1138 17,
1141 1057 1160 1122 8
1182 1061 1226 1123 ‘ln
1246 1078 1283 1120 ea
1304 1065 1382 1122 enim
1401 1060 1458 1134 fe-

249 1176 257 1184 ·
308 1162 424 1223 rendo'
445 1156 646 1246 -loquitur
666 1157 707 1223 de
727 1157 800 1244 lege
814 1157 944 1223 Licinia
967 1159 1171 1246 sumptuaria
1185 1197 1228 1210 -
1242 1163 1394 1238 ‘quaesita
1414 1170 1460 1224 est

309 1281 403 1327 nonae
424 1267 498 1340 lepis
518 1266 682 1326 conteritas
703 1269 887 1326 exolescente
901 1272 979 1326 meln
993 1267 1067 1340 lepis
1081 1268 1258 1342 aeneatoris
1272 1268 1330 1342 ila,
1346 1267 1457 1326 hecu-

308 1370 364 1442 les,
388 1375 422 1429 ul
442 1370 479 1428 de
506 1369 579 1444 ipsis
600 1367 755 1428 duodecim
778 1368 886 1428 tabulis
904 1366 1023 1439 [nolum
1046 1375 1107 1428 erl:
1134 1383 1262 1442 qnorum
1283 1368 1345 1430 nbi
1363 1383 1458 1430 eon-

309 1473 424 1530 temne'
437 1472 603 1546 antiquit
609 1486 650 1530 es
667 1471 803 1546 eoepit,
819 1470 925 1530 eudem
940 1472 995 1530 illa
1010 1487 1088 1545 qnae
1102 1472 1161 1530 illis
1175 1471 1288 1546 lealbns
1303 1471 1456 1532 cavebun-

310 1579 374 1645 lar,
389 1574 420 1632 in
435 1575 498 1632 alio
513 1575 641 1642 lotorum
656 1574 776 1648 nomina
791 1575 997 1634 transierunt?

395 1669 517 1736 Contra
536 1669 620 1756 legis
642 1693 721 1735 usus
743 1668 991 1756 lererelegatus
1013 1692 1033 1736 a
1054 1671 1126 1740 foro
1146 1671 1181 1736 in
1196 1670 1316 1736 scholis
1333 1671 1458 1738 diutius

311 1771 464 1860 obtinuit.
495 1771 582 1836 Nam
602 1773 665 1840 etsi
686 1772 728 1836 ad
744 1771 953 1858 disciplinam
974 1783 1008 1840 et
1028 1773 1135 1859 ipsam
1157 1775 1342 1858 augendam
1357 1773 1459 1840 Grae·
1490 1770 1495 1776 ’

310 1896 422 1939 corum
433 1873 621 1961 exemplum
632 1896 728 1940 suum
739 1884 941 1941 momentum
952 1874 1078 1957 habuit,
1091 1884 1204 1941 tamen
1211 1874 1301 1943 Livii
1314 1874 1461 1962 Odyssia

308 1976 345 2040 in
364 1974 459 2040 ludos
481 1975 627 2042 admissa
646 1968 712 2042 non
733 1976 845 2044 statim
865 1977 943 2044 inde
969 1977 1162 2043 exturbavit
1180 1976 1251 2042 XII
1272 1975 1461 2044 tabularum

313 2078 508 2166 studium³):
531 2079 631 2146 immo
653 2079 715 2144 hoc
734 2078 877 2166 perduc
895 2078 1111 2147 ieresaecula
1134 2079 1233 2144 etiam
1248 2079 1461 2146 coniunctum

312 2201 386 2246 cum
401 2179 460 2246 illa
474 2181 612 2264 mansit,
632 2181 788 2269 quamdiu
802 2181 1000 2250 Romaniin
1021 2203 1059 2247 eo
1080 2180 1211 2246 laudem
1230 2183 1460 2269 capessebant,

311 2307 352 2350 ne
375 2305 456 2372 prae
476 2282 591 2348 alienis
619 2276 652 2351 et
671 2283 868 2350 adventiciis
890 2281 1100 2369 neglegerent
1124 2305 1185 2348 sua
1209 2299 1252 2348 ac·
1274 2283 1459 2372 popidaria.

313 2388 424 2474 Atque
444 2407 542 2472 quam
560 2386 626 2452 late
646 2387 793 2472 patuerit
813 2386 913 2450 etiam
935 2385 1074 2471 septimo
1097 2384 1229 2456 saeculo
1247 2386 1340 2474 apud
1360 2409 1461 2473 popu·

310 2477 386 2555 lum,
394 2487 476 2572 legis
493 2487 650 2572 cogniti0,
665 2485 719 2553 vel
734 2510 776 2553 ex
792 2486 838 2552 eis
854 2489 1067 2573 conspicuum
1081 2487 1119 2552 'fit
1134 2510 1220 2574 quae
1231 2487 1326 2554 buius
1342 2488 1463 2554 aetatis

313 2590 506 2676 scriptores,
522 2590 665 2663 maxime
680 2599 810 2676 poetae,
826 2589 904 2655 inde
919 2590 1093 2676 desumpta
1113 2590 1148 2656 in
1164 2612 1258 2656 suum
1272 2611 1369 2656 usum
1390 2612 1462 2657 ver·

256 2728 259 2733 ·
312 2703 439 2760 terunt..
463 2690 549 2757 Nam
558 2701 601 2756 ut
616 2690 706 2778 apud
720 2690 888 2774 Plautum,
900 2691 1107 2774 Terentium,
1123 2693 1285 2777 Ennium,
1300 2693 1349 2759 ita
1363 2692 1461 2758 etiam

311 2797 346 2860 in
366 2792 504 2877 Lucilii,
527 2791 675 2876 Afranii,
695 2793 851 2860 Varronis
872 2793 1019 2882 reliquiis
1041 2795 1356 2886 occurruntquibus
1378 2804 1463 2860 tecte

249 2899 253 2909 '
313 2896 479 2964 alludatur
494 2896 537 2961 ad
552 2895 633 2981 legis
649 2896 752 2962 verba
767 2905 800 2962 et
814 2897 861 2962 ita
875 2896 1024 2982 quidem,
1045 2908 1083 2964 ut
1104 2919 1238 2964 acumen
1257 2897 1322 2962 nisi
1343 2897 1400 2985 qui
1419 2895 1462 2964 le·

314 3207 376 3242 eum
394 3191 467 3241 hanc
485 3190 574 3257 ipsam
597 3206 654 3240 rem
677 3190 785 3242 diceret
807 3205 903 3241 ansam
926 3190 1088 3256 praebuisse
1112 3191 1186 3262 legis
1208 3191 1303 3241 statim
1328 3189 1464 3258 abrogan-

314 3277 365 3327 dae
393 3303 425 3312 -
454 3276 525 3342 quod
557 3277 678 3328 minime'
701 3277 819 3328 suadent
850 3275 992 3326 Labeonis
1024 3276 1111 3328 verba
1137 3281 1296 3342 ‘propterea
1324 3285 1465 3342 praetores

310 3370 425 3430 postea
442 3364 508 3412 nanc
525 3362 672 3413 abolescere
690 3371 716 3412 et
737 3363 848 3428 relinqui
864 3371 1019 3412 censuerunt
1040 3379 1066 3413 e.
1084 3377 1109 3427 q.
1128 3364 1161 3414 s.’
1187 3364 1293 3412 etcum
1313 3362 1377 3412 binc
1396 3362 1465 3412 adeo

316 3454 424 3514 tempus
448 3463 501 3512 quo
525 3447 554 3497 id
577 3449 666 3511 ipsum
690 3452 782 3498 actum
805 3452 881 3498 esset
905 3451 1035 3497 accurate
1058 3445 1198 3496 definiret:
1224 3461 1276 3496 nec
1300 3447 1389 3497 minus
1408 3448 1464 3497 Ru-

314 3531 440 3584 dorffium
462 3536 528 3598 puto
552 3532 664 3582 nimium
689 3533 716 3584 ei
738 3533 780 3583 rei
798 3537 964 3582 momentum
982 3532 1126 3593 tribuisse,
1152 3533 1199 3598 qui
1213 3531 1359 3604 ¹Veratium
1382 3533 1465 3584 istum

314 3619 387 3669 inter
404 3617 524 3668 ficticias
543 3615 611 3668 iuris
629 3618 763 3670 historiae
785 3633 919 3684 personas
944 3633 1005 3668 cum
1022 3616 1151 3668 Vindicio
1175 3631 1254 3668 servo
1279 3615 1398 3681 aliisque
1422 3632 1463 3668 rc·

318 3704 375 3756 fert
391 3703 427 3754 H.
447 3703 497 3757 ior.
517 3719 583 3755 rom.
601 3703 615 3754 1
633 3703 773 3769 p.‘105n.
792 3705 816 3756 5.

383 3804 403 3871 ¹)
422 3806 503 3858 Hanc
520 3807 577 3857 rem
597 3804 770 3858 memorabili
787 3807 951 3860 iniuriarum
969 3806 1090 3857 actionis
1109 3805 1233 3872 exemplo
1245 3803 1392 3871 praeclare
1404 3821 1466 3872 per·

315 3895 490 3966 secutus-est
507 3891 670 3943 Husebkius
688 3892 706 3943 l.
726 3891 742 3942 l.
762 3909 787 3959 p.
807 3895 856 3944 128
875 3907 935 3958 sqq.

382 3992 405 4062 ²)
430 3995 468 4050 cl.
487 3995 585 4048 Cicero
604 3994 637 4045 de
660 3992 752 4062 leg.‚I
775 3998 806 4059 5,
825 3997 864 4048 17.
905 3995 1048 4078 Nonveryo
1071 4011 1088 4044 α
1108 3997 1280 4059 praetoris
1303 3995 1411 4048 edicte
1434 4002 1466 4045 nl

313 4083 463 4148 plerique
481 4099 572 4143 nnnc,
592 4098 672 4148 neque
691 4099 707 4132 a
720 4081 782 4131 XII
793 4080 885 4131 tabulis
902 4088 930 4132 al
946 4083 1153 4146 superiores,
1169 4083 1220 4134 sed
1233 4081 1337 4146 penitus
1355 4096 1390 4130 ecc
1408 4082 1466 4146 ipsa

313 4167 476 4234 philosoplis
493 4167 659 4218 hauriendam
676 4169 739 4217 iuria
758 4167 918 4232 disciplinam
933 4156 1021 4233 pules.

382 4267 402 4336 ⁸)
422 4270 484 4332 Qua
502 4272 531 4321 in
549 4285 578 4320 re
597 4285 693 4336 parum
712 4269 843 4335 temporis
860 4271 997 4322 rationem
1015 4271 1107 4322 tenuit
1124 4270 1310 4321 Mommsenus
1327 4269 1363 4322 H.
1384 4269 1418 4320 a.
1437 4267 1465 4318 11

315 4371 343 4422 p.
361 4356 420 4410 lto.
457 4357 493 4408 cf.
513 4354 663 4407 Cicereia
682 4355 736 4422 leg.
756 4356 843 4416 1123,
863 4357 904 4408 59.
