3282 4992
273 325 308 374 VI
746 324 944 372 PRAEFATIO

357 481 428 543 Iam
451 502 529 544 vero
551 502 624 542 curn
652 482 861 566 scriptionem
881 482 994 543 'meam
1023 479 1123 559 ordo,
1139 479 1244 565 'quam
1271 480 1415 565 praemio
1479 481 1502 568 s

272 600 416 674 ornaret,
440 592 575 675 dignam
596 591 789 672 iudicasset,
818 573 858 654 ea
879 600 915 654 ut
937 590 1061 676 publici
1091 591 1171 654 iuris
1194 590 1281 654 facta
1304 599 1337 654 et
1358 612 1414 654 ex·

271 712 382 766 ternae
411 701 591 787 elegantiae
626 703 724 766 decus
755 703 917 789 acciperet
950 711 982 766 et
1015 701 1181 788 aliquanto
1214 701 1416 766 emendatior

209 896 215 909 .
271 813 431 900 prodiret,
455 815 578 898 insigni
601 813 807 877 Friderici
822 811 1044 898 Ritschelii
1066 813 1286 899 praeceptoris
1302 811 1414 876 huma-

271 926 399 989 nissimi
421 925 526 1010 deque
540 927 622 988 meis
637 924 734 988 rebus
750 925 872 1011 optime
890 925 1000 989 meriti
1021 911 1180 988 beneficio
1202 924 1325 988 factum
1347 932 1413 988 est:

272 1039 327 1122 qui
357 1046 388 1100 et
416 1033 629 1128 bibhpolam
658 1036 923 1112 honestissimum
951 1035 1157 1121 Lipsiensem
1186 1057 1259 1099 mea
1288 1057 1413 1117 caussa,
1513 1031 1519 1042 '

270 1157 307 1210 ut
330 1157 478 1234 sumptus
501 1146 605 1210 libelli
628 1146 746 1210 edendi
768 1146 955 1233 praeberet,
979 1146 1120 1210 adduxit
1143 1155 1175 1210 et
1197 1144 1415 1210 bibliothecae

270 1259 452 1322 Bonnensis
473 1258 629 1322 subsidiis
650 1259 765 1323 utendi
787 1260 914 1345 copiam
929 1256 1010 1338 mihi
1032 1257 1252 1342 largissimam
1274 1259 1414 1342 paravit.

269 1369 396 1434 Eodem
419 1369 650 1444 intercedente
685 1369 888 1433 Martinus
924 1368 1118 1432 llertzius
1153 1389 1194 1432 ex
1231 1390 1318 1454 penu
1357 1392 1415 1433 sua

270 1479 422 1546 Gelliana
448 1502 554 1543 meum
582 1482 617 1544 in
644 1502 738 1543 usum
767 1479 926 1566 quidquid
954 1477 1131 1564 ad'legem
1158 1480 1335 1565 pertineret
1358 1479 1412 1542 de-

269 1593 429 1683 prompsit
450 1591 595 1677 mihique
617 1593 663 1654 ita
686 1590 919 1673 commodavit,
943 1599 979 1654 ut
1002 1591 1206 1654 coniunctam
1220 1613 1295 1654 cum
1318 1589 1415 1656 solita

270 1711 302 1766 et
324 1724 420 1789 saepe
442 1698 515 1765 aliis
533 1711 668 1787 experta
683 1703 747 1765 viri
763 1699 976 1765 illustrissimi
992 1700 1213 1765 munificentia
1229 1703 1414 1766 comitatem

269 1835 335 1877 non
367 1814 445 1877 satis
480 1811 649 1876 dilaudare
681 1813 813 1898 possim.
869 1813 1020 1897 Denique
1053 1833 1094 1874 ne
1122 1810 1184 1875 hoc
1220 1812 1352 1899 quidem
1379 1815 1415 1878 in

269 1945 367 2010 opere
396 1922 501 1987 defuit
529 1921 610 1986 mihi
634 1923 798 1988 Ottonis
822 1923 844 1987 J
851 1923 963 1986 ahnii
990 1923 1209 2010 praeceptoris
1236 1924 1272 1987 in
1299 1924 1413 2009 paucis

269 2033 397 2099 colendi
428 2056 524 2120 quam
546 2056 673 2120 semper
696 2035 857 2120 praestitit
879 2055 956 2099 cura
979 2043 1011 2096 et
1033 2035 1221 2098 auctoritas.
1267 2033 1414 2113 Quorum

176 2188 190 2200 -
269 2148 414 2210 virorum
429 2146 550 2209 eximia
571 2146 606 2208 in
621 2167 673 2209 me
695 2144 880 2230 librumque
902 2147 967 2209 iam
989 2143 1194 2233 proditurum
1209 2144 1326 2209 merita
1341 2157 1414 2209 cum

269 2255 402 2320 tandem
424 2255 554 2342 publice
577 2255 765 2343 praedicare
780 2278 852 2319 cum
869 2256 1047 2341 gratissimi
1062 2257 1163 2320 animi
1183 2256 1414 2321 testificatione

269 2367 366 2432 liceat
373 2416 381 2449 ‚
416 2376 486 2431 tum
513 2389 577 2431 non
610 2367 784 2451 indignum
817 2366 878 2431 hoc
910 2368 982 2431 istis
1016 2367 1141 2430 meritis
1169 2376 1413 2432 monumentum

270 2477 428 2564 pervelim
449 2478 491 2541 ab
514 2477 593 2563 ipsis
616 2479 760 2562 agnosci.
831 2485 832 2488 ’

353 2586 577 2674 Reliquiarum
590 2587 789 2653 edendarum
804 2590 949 2652 instituti
964 2589 1116 2675 quoniam
1128 2590 1162 2653 in
1174 2587 1413 2674 prolegomenis
1436 2675 1439 2681 .
1502 2615 1505 2622 ·
1529 2573 1533 2578 ¹
1639 2655 1640 2662 ,

270 2700 429 2763 rationem
457 2697 603 2780 reddidi,
632 2698 726 2784 plura
748 2699 891 2785 praefari
913 2699 960 2764 nil
982 2701 1116 2764 attinet:
1139 2721 1240 2764 unum
1261 2698 1347 2762 addo
1371 2699 1412 2763 de

269 2810 464 2874 testimoniis
487 2808 568 2893 legis
591 2810 626 2873 in
648 2809 784 2874 alteram
806 2809 1018 2897 reliquiarum
1041 2807 1223 2874 columnam
1245 2811 1412 2875 coniectis.

271 2921 365 3001 Quae
388 2943 461 2985 cum
483 2919 580 3006 plena
603 2920 751 2984 exhiberi
774 2923 845 3007 ipsa
866 2922 1123 3006 fragmentorum
1146 2920 1295 2986 condicio
1320 2921 1412 3005 flagi-

269 3033 363 3113 tarit,
388 3053 460 3124 cum
483 3040 591 3095 tamen
613 3032 746 3096 modum
769 3037 956 3096 servarein
979 3029 1039 3094 hac
1054 3053 1089 3094 re
1104 3029 1193 3094 haud
1216 3053 1294 3095 sane
1315 3031 1413 3096 facile

269 3142 382 3207 fuerit:
412 3141 473 3206 hoc
495 3141 630 3207 adfirmo
653 3141 736 3207 nihil
763 3166 815 3217 me
837 3145 998 3231 recepisse
1025 3143 1091 3208 nisi
1119 3143 1213 3237 quim¹
1233 3164 1348 3230 reapse
1370 3144 1413 3208 ad

269 3253 375 3338 legem
397 3255 560 3340 pertinere
581 3265 638 3319 aut
667 3276 708 3318 ex
736 3256 1006 3341 interpretatione
1027 3253 1110 3338 legis
1138 3254 1320 3340 profectum
1342 3277 1413 3320 esse

269 3386 460 3451 persuasum
482 3363 630 3428 habeam.
1183 3447 1185 3452 Ι

354 3474 477 3538 Verum
492 3474 570 3537 dum
585 3474 675 3560 prelo
698 3477 856 3562 premitur
878 3473 1025 3557 libellus,
1050 3475 1224 3540 subnatum
1239 3485 1287 3540 est
1303 3497 1413 3542 eorum

270 3607 351 3672 quae
384 3595 441 3649 aut
474 3583 621 3650 addidici
655 3595 711 3650 aut
750 3609 832 3672 quae
866 3585 1017 3650 secundis
1052 3585 1138 3649 curis
1175 3586 1308 3651 edoctus
1342 3611 1419 3668 sum,
1452 3672 1454 3676 .

269 3695 489 3784 spicilegium:
525 3694 608 3782 qnae
635 3718 707 3760 cum
736 3697 806 3760 suis
830 3696 909 3785 locis
938 3697 1052 3784 reponi
1080 3718 1145 3761 non
1178 3698 1243 3762 iam
1270 3710 1413 3785 possent,

268 3807 311 3871 ad
334 3805 456 3871 calcem
478 3807 573 3871 huius
596 3807 807 3894 praefationis
831 3808 966 3872 subieci.

356 4072 385 4128 p.
410 4052 441 4124 1,
467 4054 485 4110 3
509 4052 548 4110 cf.
571 4052 631 4111 Th.
647 4053 854 4134 Mommsenus
876 4052 909 4112 in
929 4051 1044 4112 Annal.
1066 4055 1139 4114 inst.
1162 4055 1312 4116 archaeol.
1331 4055 1412 4115 1858

270 4173 301 4231 p.
325 4153 396 4210 194.
422 4155 481 4212 196
495 4173 551 4233 sq,
576 4154 614 4214 de
637 4155 825 4214 tribunorum
842 4153 1051 4236 aediliumque
1068 4176 1160 4238 quam
1176 4156 1270 4217 fuisse
1287 4156 1412 4236 quidam

270 4252 396 4313 tradunt
410 4255 492 4314 Livii
516 4265 653 4316 auctores
676 4257 755 4335 legis
772 4257 930 4317 curatione
946 4267 1028 4318 recte
1044 4257 1183 4318 iudicans
1199 4257 1240 4321 ib.
1258 4260 1318 4318 185
1335 4281 1365 4319 n.
1383 4262 1412 4319 1.
1509 4253 1518 4261 ”

272 4357 331 4414 193
355 4376 385 4414 n.
410 4359 438 4415 3.
475 4357 518 4416 At
540 4358 622 4418 idem
646 4358 728 4438 quod
751 4360 784 4418 in
808 4369 939 4439 quaestt.
964 4345 1037 4420 rom.
1060 4381 1091 4440 p.
1116 4363 1178 4421 300
1193 4380 1238 4441 sq.
1263 4381 1293 4421 n.
1309 4362 1348 4422 29
1372 4360 1412 4420 ad
