3282 4992
285 201 326 296 72
429 287 433 297 ι
694 214 806 262 onrvr
830 213 1007 276 ovnnrvu.

285 370 392 457 possit
407 369 449 434 de
464 368 668 450 vindicibus,
691 368 732 434 de
753 368 871 456 quibus
886 365 1074 432 Dirksenus
1096 367 1224 453 accepit
1244 390 1277 454 p.
1295 367 1354 432 123
1370 364 1428 450 (cf.

286 470 475 536 Rudorffius
492 470 535 536 H.
551 469 573 534 i.
590 492 616 536 r.
633 470 651 535 Ι
665 493 697 558 p.
716 470 802 556 105),
817 469 954 535 nimiam
969 467 1023 533 ille
1039 469 1268 534 auctoritatem
1280 469 1428 534 tribuens

276 573 454 652 *nominum
468 573 577 638 ordini
593 572 680 660 apud
697 570 841 637 Gellium
857 571 898 636 N.
916 571 957 636 A.
974 567 1059 635 XVI
1076 570 1126 656 10,
1144 571 1163 637 8
1180 577 1251 635 ‘sed
1270 578 1429 636 enimcum

282 681 444 756 proletarii
455 686 484 738 et
498 681 615 740 assidui
627 687 656 739 et
668 685 787 739 sanates
801 687 830 738 et
845 679 934 738 vades
949 693 974 738 e.
992 695 1020 752 q.
1035 695 1060 737 s.
1076 679 1288 750 evanuerint’:
1309 681 1366 737 ant
1386 673 1429 737 ad

286 787 443 844 sextam
465 775 630 860 tabidam,
648 775 925 864 quemadmodum
947 777 1019 862 ipse
1041 774 1235 840 Huschkius
1259 774 1365 841 voluit
1384 813 1429 827 »-

286 880 328 947 cf.
343 877 394 943 VI
412 880 427 943 1
445 887 523 944 ‘cam
538 900 649 944 nexam
661 883 760 957 saciet
779 883 1030 958 mancipicamqae'
1048 913 1088 925 -—
1103 885 1175 960 aut,
1191 877 1281 964 quod
1296 875 1349 943 vel
1364 899 1429 941 ma·

286 981 338 1066 gis
354 978 496 1063 arridet,
513 981 556 1046 ad
571 1003 717 1047 nonam
731 979 856 1069 publici
870 979 949 1044 iuris
965 976 1114 1044 tabulam,
1133 1001 1208 1042 cum
1224 978 1428 1047 Gothofredo

286 1083 349 1149 erit
363 1081 538 1148 referenda
553 1082 611 1169 (cf.
626 1083 716 1149 Fest.
732 1105 765 1168 p.
780 1082 855 1146 321.
872 1081 960 1166 348).

373 1184 439 1250 Sed
454 1184 543 1270 quod
559 1182 646 1268 dixi,
663 1193 695 1249 et
711 1186 746 1248 in
760 1184 812 1248 his
833 1192 866 1248 et
886 1184 921 1247 in
936 1181 1116 1266 similibus,
1138 1204 1223 1269 quae
1239 1205 1313 1249 oum
1327 1183 1429 1249 incer-

287 1285 372 1364 tiora
393 1287 475 1370 sint,
497 1309 583 1352 nune
602 1295 787 1372 praetereo,
808 1283 890 1348 nihil
912 1284 951 1348 de
971 1283 1133 1362 Dirkseni
1156 1285 1271 1352 ordine
1290 1285 1427 1358 mutavi:

286 1389 352 1454 nisi
367 1389 456 1474 quod
471 1388 604 1454 conubii
617 1389 786 1453 interdicti
805 1387 1028 1478 fragmentum
1050 1387 1138 1472 quod
1159 1410 1260 1452 unum
1281 1389 1315 1453 in
1330 1387 1429 1452 unde-

224 1535 229 1539 ·
287 1492 372 1556 eima
392 1488 507 1557 tabula
526 1491 637 1577 posuit
651 1490 854 1571 Dirksenns‚
875 1490 909 1553 in
923 1488 1156 1554 duodecimam
1175 1489 1346 1572 transtuli,
1367 1511 1453 1578 quc„

288 1592 345 1658 illa
360 1593 456 1658 fastis
478 1601 548 1659 tota
568 1601 705 1679 pateret.
735 1592 931 1678 Ubicunque
951 1600 1061 1674 autem
1082 1613 1292 1658 numerorum
1314 1592 1431 1661 seriem

287 1695 548 1761 Dirkeenianam
569 1695 715 1776 deserui,
743 1694 813 1760 eius
841 1715 1012 1759 numerum
1034 1693 1187 1760 cancellis
1214 1703 1363 1780 saeptum
1388 1693 1431 1758 ad

288 1819 397 1884 meum
412 1797 560 1884 apposui.
598 1856 600 1860 .
859 1783 863 1789 ⁵

760 1970 962 1980 ——.-.-——--·-

623 2179 794 2346 onevr
832 2222 1094 2315 ovnnrvu.
1256 2331 1304 2366 ·,

289 2447 352 2540 nu
376 2397 444 2540 m
462 2385 765 2540 inertium
789 2445 1027 2560 nunionis
1045 2444 1431 2574 consumatus.

374 2666 445 2730 Iam
470 2665 729 2752 fragmentorum
756 2679 916 2754 quatenus
938 2667 1011 2731 fieri
1030 2668 1136 2754 possit
1156 2653 1433 2734 restituendorum

290 2791 372 2854 opus
388 2789 602 2853 aggressums
618 2790 689 2833 rem
703 2770 751 2834 ita
766 2792 873 2854 agam,
884 2778 923 2833 ut
937 2770 1092 2835 universa
1108 2771 1250 2834 omnium
1266 2790 1432 2856 eompara-

290 2871 378 2937 tione
393 2870 484 2934 facta
504 2891 587 2956 quae
607 2870 685 2935 inde
705 2871 748 2936 ad
768 2873 942 2958 pristinam
963 2871 1045 2957 legis
1067 2872 1292 2938 condicionem
1311 2871 1432 2937 rectius

290 2970 553 3058 cognoscendam
579 2971 763 3039 redundent
789 2975 902 3039 statim
922 2974 1096 3040 subiciam:
1118 2975 1153 3040 id
1173 2973 1260 3062 quod
1287 2975 1315 3038 si
1341 2974 1433 3060 prius
1485 3037 1491 3043 ,

288 3076 414 3141 factum
429 3083 526 3160 esset,
539 3084 572 3141 et
586 3075 705 3141 multos
719 3075 890 3143 hominum
905 3077 1074 3142 doctorum
1088 3076 1280 3141 emendandi
1295 3085 1432 3143 conatus

291 3178 404 3243 statim
418 3167 600 3264 reprimere
611 3187 644 3243 et
659 3177 737 3244 locis
753 3179 809 3266 qui
829 3179 998 3266 hueusque
1020 3179 1084 3245 visi
1106 3189 1182 3244 sunt
1202 3176 1337 3263 integri,
1359 3177 1433 3244 vitii

289 3288 403 3346 notam
418 3279 616 3366 adspergere
632 3280 785 3346 debebat.

288 3509 369 3556 ew
388 3503 551 3569 scripserit’
577 3502 670 3556 Valer.
695 3504 771 3554 Max.
794 3509 956 3571 personatus
980 3505 1013 3556 de
1037 3520 1132 3572 praen.
1150 3506 1165 3568 ἓ
1184 3507 1200 3556 5
1218 3521 1243 3572 p.
1256 3507 1305 3558 ’146
1321 3505 1432 3572 Kempf.

291 3591 341 3656 (ef.
365 3587 503 3654 Bergkius
525 3589 595 3639 Mus.
617 3589 658 3642 rh.
679 3589 719 3640 IV
743 3589 802 3652 121)
826 3589 904 3641 ‘Olim
926 3592 990 3641 enim
1013 3590 1145 3642 dicebatur
1167 3591 1345 3654 fracmentam,
1369 3608 1433 3642 nanc

289 3673 381 3740 (uon?)
401 3675 566 3738 frumentum,
586 3681 612 3724 et
630 3675 732 3738 feretra
750 3691 800 3725 noa
815 3676 901 3739 feriar
920 3673 1083 3740 (scameratam
1105 3677 1219 3740 ecfertur
1238 3676 1296 3727 cod.
1314 3675 1389 3742 Vat.)
1409 3685 1436 3728 et
1493 3709 1504 3724 1

260 3826 267 3832 δ
287 3762 382 3834 [oretis
400 3775 450 3810 nou
464 3759 559 3822 fortis'
579 3798 585 3811 .
605 3794 612 3808 .
633 3797 640 3813 .
675 3759 748 3810 Hinc
766 3749 867 3810 Festus
885 3760 1002 3812 liberius
1020 3778 1046 3827 p.
1064 3763 1115 3813 348
1134 3763 1234 3828 ‘itaque
1252 3764 1277 3812 ia
1295 3761 1356 3812 XII
1375 3779 1434 3812 cau·

290 3853 340 3897 tam
358 3852 397 3896 est
414 3852 441 3895 ut
458 3845 524 3894 idem
541 3845 604 3893 iuris
622 3851 690 3895 esset
708 3845 843 3896 Sanatibus
866 3849 935 3912 qaod
951 3847 1119 3906 Forctibus,
1143 3849 1172 3898 id
1193 3854 1231 3897 est
1253 3847 1325 3897 bouis
1347 3854 1373 3898 et
1391 3849 1434 3914 qai

290 3947 419 3998 numquam
437 3930 588 3994 defecerant
611 3944 634 3977 a.
650 3946 678 3994 p.
699 3930 742 3980 u’
778 3929 902 3997 Apparet
924 3932 1011 3997 igitur
1032 3933 1211 3983 vetustiorem
1233 3932 1349 3982 formam
1372 3947 1432 3982 esse

287 4019 389 4082 foretur
408 4031 429 4066 s.
445 4015 532 4078 sortus
551 4012 675 4078 (berctae)
698 4015 880 4066 recentiorem
900 4018 995 4080 [oretis
1018 4021 1046 4066 et
1066 4017 1153 4080 fortis.
1193 4016 1322 4068 Genetivi
1340 4020 1432 4067 autem

290 4103 319 4150 in
337 4101 400 4166 lege
425 4099 521 4150 eadem
546 4102 590 4151 est
611 4103 751 4150 structura
774 4115 845 4165 qnae
868 4102 898 4151 in
915 4101 978 4168 lege
996 4102 1118 4152 Antonia
1137 4100 1169 4152 de
1188 4101 1382 4152 Termensibus
1402 4100 1432 4154 O.

289 4186 312 4238 1.
331 4186 363 4236 L.
382 4186 478 4238 20411
496 4187 528 4238 27
547 4200 587 4252 sq.
606 4187 684 4236 ‘idem
705 4185 732 4235 in
750 4187 843 4236 eisdem
860 4187 936 4237 rebus
954 4188 1031 4238 loccis
1049 4188 1135 4252 ayreis
1153 4188 1292 4252 aedificieie
1315 4188 1434 4252 oppideis

264 4275 267 4279 '
294 4271 462 4344 Termcnriam
478 4273 598 4351 maiorum
614 4271 761 4324 Pisidarum
777 4273 832 4324 tous
849 4278 925 4323 esto.’
