3282 4992
282 258 322 327 ts
431 269 432 274 ’
691 275 803 327 crrvr
826 270 1002 340 ovare-nvn.
1058 263 1059 268 ’

365 432 413 496 At
441 453 515 495 cum
541 430 583 495 ad
608 453 763 517 personas
788 431 858 496 fere
883 438 1072 497 constanter
1097 438 1131 495 et
1154 429 1362 497 condiciones
1389 440 1422 496 et

280 533 372 598 iussa
387 531 586 617 dirigantur,
602 541 673 598 tum
688 542 739 598 est
754 533 853 598 etiam
867 532 925 598 ubi
940 531 984 597 ad
1003 553 1066 597 res
1086 541 1294 598 revocentur.
1324 531 1422 614 Quod

185 677 187 681 -
281 633 499 721 explicatione
514 657 579 700 non
601 644 675 719 eget
690 634 724 698 in
739 632 844 700 hisce:
862 641 918 700 ‘soi
937 655 1060 699 occasus
1073 655 1158 714 supr.
1174 643 1332 714 tempestas
1351 641 1421 699 esto'

280 736 297 801 I
313 735 349 818 9,
373 743 423 800 ‘eo
438 740 501 800 aies
516 739 662 813 diffensus
676 740 752 800 esto'
774 735 808 800 Il
823 736 859 818 2,
883 743 1024 815 ‘tripimta
1039 740 1102 800 dies
1117 741 1188 800 iasii
1199 742 1301 814 santo?
1316 735 1371 800 III
1388 737 1421 819 13

280 837 348 903 vel:
367 843 406 901 ‘si
419 859 501 916 aqua
512 844 616 918 plavia
631 846 726 902 nocet'
742 836 811 901 VII
826 839 861 916 8,
878 843 918 901 ‘si
931 842 1049 901 morbus
1063 845 1210 902 aevitasve
1225 844 1325 902 vitiam
1338 843 1421 902 escit'

280 937 332 1004 13
347 939 390 1004 cf.
407 938 442 1003 II
457 939 493 1002 2:
510 939 645 1004 interior
660 939 742 1004 ratio
765 948 814 1004 est
829 939 984 1022 aliorum,
1000 949 1051 1004 ut:
1071 944 1228 1004 ‘adversas
1242 944 1351 1004 bostem
1366 960 1422 1033 ae-

280 1052 366 1105 terma
394 1047 556 1106 auctoritas
583 1047 685 1119 (esto)’
712 1041 817 1123 1117,
844 1049 921 1120 ‘post
946 1046 1054 1104 deinde
1078 1062 1184 1106 mamas
1209 1047 1326 1106 iniectio
1350 1051 1421 1105 esto’

228 1146 231 1151 ’
279 1140 385 1224 1112,
409 1149 452 1206 ‘si
465 1147 624 1207 membrum
646 1149 730 1223 rapit
747 1181 789 1190 -
811 1149 882 1206 talio
901 1150 978 1206 esto’
994 1142 1078 1207 VIII
1094 1144 1130 1222 2,
1153 1145 1274 1220 ‘vimina‘
1293 1149 1422 1222 quiaque

275 1264 393 1324 poenae
412 1253 513 1308 samto'
535 1243 622 1308 VIII
642 1244 672 1309 4.
705 1245 853 1326 Quorum
873 1253 1033 1330 quatenus
1054 1245 1096 1309 ad
1115 1243 1252 1309 iniurias
1273 1253 1422 1331 spectant

279 1345 439 1411 rationem
461 1343 606 1410 reddidit
627 1345 821 1411 Huschkius
843 1345 984 1411 ‘Gaius'
1006 1369 1039 1433 p.
1064 1347 1123 1410 126
1143 1345 1227 1411 bene
1248 1347 1421 1432 potestatis

279 1449 504 1534 potiusquam
525 1445 810 1521 o'fficiinotionem
832 1449 939 1512 inesse
959 1447 1204 1533 interpretatus.
1233 1448 1284 1512 Ac
1304 1468 1421 1512 memo-

280 1548 392 1614 rabilis
409 1558 458 1613 est
472 1549 508 1612 in
522 1547 637 1612 ultimo
653 1549 740 1635 quod
755 1550 850 1636 posui
866 1547 1014 1635 exemplo
1030 1548 1167 1635 pluralis
1185 1557 1343 1635 ‘poenae'
1367 1534 1421 1612 an·
1448 1599 1450 1602 .

279 1651 404 1736 tiquam
424 1649 515 1717 vocis
537 1649 811 1734 significationem
834 1673 987 1732 servans,
1014 1650 1105 1715 cuius
1132 1651 1274 1735 vestIgia
1299 1650 1423 1716 delevit

278 1752 477 1838 interpolata
505 1750 606 1816 Gellii
635 1753 798 1838 scriptura
824 1755 906 1818 ‘XX
912 1757 939 1816 V
960 1773 1041 1816 asses
1067 1753 1162 1838 (aeris
1187 1751 1276 1836 libri)
1307 1771 1423 1832 poenae

279 1860 382 1919 samto'
409 1852 512 1935 (XXI
535 1853 573 1917 12
599 1854 641 1919 cf.
663 1854 749 1919 XVI
773 1856 827 1936 10,
850 1855 895 1940 8).
923 1853 1134 1941 ¹Quamquam
1159 1854 1257 1941 paulo
1283 1853 1420 1920 liberius

278 1956 396 2019 Festus
412 1977 444 2041 p.
460 1955 521 2020 371
539 1961 796 2036 ‘Vipimtiqamqae
808 1977 924 2036 poenae
937 1963 968 2020 im
984 1961 1055 2020 XII
1065 1962 1215 2034 significat
1228 1962 1422 2036 vigintiquin-

278 2078 335 2134 qae
350 2065 452 2140 asses',
468 2056 525 2122 ubi
540 2057 656 2122 vitium
670 2056 705 2121 in
719 2057 832 2122 Ursini
849 2058 961 2124 codice
978 2060 1190 2124 commissum
1206 2066 1351 2139 ‘poenas’
1367 2081 1421 2124 ne·

279 2182 340 2245 que
357 2159 397 2224 Ο.
403 2157 580 2224 Muellerus
597 2160 739 2225 debebat
754 2169 918 2225 vetustam
930 2159 1077 2245 genetivi
1091 2160 1230 2226 formam
1245 2183 1422 2250 agnoscere

278 2260 592 2348 nequeHusohkius
608 2259 666 2350 121.
685 2262 743 2326 117
760 2271 886 2327 mutare
903 2265 1009 2341 ‘poema
1025 2267 1066 2326 Ρ
1088 2264 1109 2327 i.
1127 2285 1154 2328 e.
1172 2272 1285 2344 ‘poema
1306 2271 1420 2336 santo',
1462 2351 1466 2357 Ι

278 2363 325 2428 ita
339 2362 481 2449 quidem,
497 2372 535 2428 ut
551 2363 749 2448 singularem
765 2362 866 2429 nihilo
883 2365 989 2430 minus
1006 2374 1131 2431 statuat
1146 2388 1188 2430 ex
1202 2374 1335 2432 vetusto
1350 2363 1421 2452 plu·
1512 2429 1517 2440 ,

278 2463 339 2531 reli
361 2466 493 2531 demum
513 2465 658 2531 effictum
680 2486 763 2530 esse.
775 2464 798 2550 ¹)
830 2465 939 2553 Atque
959 2489 1038 2532 usus
1062 2467 1214 2554 antiquus
1236 2468 1364 2534 Graeco
1387 2491 1420 2534 v.

277 2568 387 2634 ποιναί
401 2588 564 2652 congruus
581 2575 658 2652 apte
676 2564 860 2632 illustratur
880 2568 1001 2654 glossis
1017 2569 1114 2634 Pauli
1135 2591 1178 2634 ex
1192 2569 1291 2634 Festo
1311 2591 1420 2634 excer-

277 2670 343 2755 ptis
358 2691 390 2755 p.
399 2668 462 2733 208
478 2673 625 2734 ‘Peadere
636 2688 752 2748 poenas
766 2677 878 2734 solvere
892 2677 1042 2749 sipaificat
1055 2677 1093 2736 ab
1106 2692 1141 2736 eo
1156 2676 1237 2750 qaod
1249 2692 1320 2736 aere
1331 2678 1424 2750 aravi·

278 2791 344 2834 cam
359 2780 513 2835 uterentur
527 2774 670 2844 Romami,
681 2791 777 2849 peasa
791 2792 839 2846 eo,
861 2792 919 2836 moa
935 2785 1090 2837 memerato
1111 2777 1238 2838 debitam
1253 2777 1419 2838 solvebant’

277 2882 358 2958 etp.
373 2872 436 2938 243
452 2880 567 2937 Poenas
578 2877 712 2951 pendere
726 2873 771 2938 id.
801 2873 872 2960 Ipsi
887 2885 996 2941 autem
1011 2874 1168 2942 locutioni
1184 2879 1263 2938 ‘XX
1269 2881 1294 2940 V
1303 2896 1421 2956 poenae

276 2982 373 3039 santo’
398 2996 533 3061 prorsus
553 2973 730 3061 respondet
751 2998 793 3040 ex
813 2976 1048 3043 consuetudine
1068 2978 1285 3065 posteriorum
1310 2978 1420 3064 legum

276 3099 360 3164 quae
379 3077 415 3142 in
435 3076 497 3144 SC.
514 3076 555 3142 de
574 3077 834 3164 aquaeductibus
856 3090 907 3144 est
927 3078 1016 3166 apud
1037 3079 1231 3146 Frontinum
1251 3102 1282 3145 c.
1299 3080 1358 3146 127
1381 3087 1423 3144 ‘si

276 3187 341 3260 quis
363 3185 509 3244 adversas
532 3201 570 3245 ea
593 3187 782 3262 commiserit,
809 3188 839 3244 im
865 3189 1000 3260 stapulas
1025 3203 1073 3245 res
1093 3185 1148 3244 HS
1161 3186 1194 3245 X
1207 3188 1291 3246 mitia
1305 3189 1418 3247 essem'
1454 3235 1456 3246 .

233 3321 239 3332 ·
275 3282 461 3368 pariterque
487 3319 529 3330 -—
555 3283 616 3348 etsi
642 3283 685 3348 ab
709 3282 771 3347 hac
798 3283 929 3348 diversa
953 3322 987 3332 -
1010 3305 1075 3369 qua
1094 3282 1140 3349 Μ.
1158 3283 1240 3350 Cato
1261 3284 1366 3350 utitur
1385 3284 1418 3347 iu

147 3422 164 3451 ο
276 3385 424 3449 oratione
438 3406 497 3470 pro
514 3384 756 3450 Rhodiensibus
777 3385 866 3471 apud
882 3385 1025 3451 Gellium
1040 3385 1090 3450 VI
1107 3384 1201 3473 (VII)
1216 3387 1249 3468 3,
1264 3387 1305 3451 37
1327 3390 1422 3462 ‘Quia

275 3487 376 3549 mame?
403 3507 499 3564 ecqua
514 3491 635 3550 tamdem
650 3493 833 3550 terrestium
854 3493 965 3552 acerba
985 3509 1063 3566 quae
1084 3492 1166 3552 dicat
1181 3490 1240 3552 “si
1257 3495 1324 3566 qais
1343 3494 1421 3552 iliad

272 3591 381 3666 facere
396 3595 531 3667 emnerii,
546 3595 626 3653 mitte
640 3594 737 3652 mimus
751 3593 907 3654 dimidiam
918 3593 1060 3667 familiae
1074 3598 1186 3656 malta
1200 3577 1294 3664 esto}
1312 3596 1340 3656 si
1353 3597 1419 3672 qais

270 3698 342 3771 ptus
357 3697 519 3770 quiaqenm
533 3697 640 3769 impera
655 3695 763 3757 trabere
778 3698 914 3773 voluerit,
936 3704 1041 3757 lamia
1058 3713 1180 3773 poema
1200 3707 1292 3767 esto;
1310 3699 1339 3757 si
1352 3700 1419 3772 qais

273 3798 415 3859 maiorem
443 3814 571 3874 mamam
603 3814 758 3859 numeram
785 3799 897 3860 tabere
926 3803 1063 3873 uoluerit,
1093 3806 1231 3862 tamtum
1261 3801 1419 3883 dammas

275 3969 476 3978 -r———n--ae—

342 4067 362 4132 ¹)
385 4069 592 4122 Memorandam
615 4069 688 4121 idem
706 4071 849 4136 proposuit
865 4089 892 4139 p.
914 4073 962 4123 123
981 4073 1119 4138 ‘poenae’
1139 4089 1156 4124 a
1179 4073 1244 4125 uuo
1268 4071 1417 4125 derivatio·

273 4169 347 4233 uem:
378 4157 411 4205 de
435 4171 502 4207 vera
525 4171 598 4206 nunc
623 4156 785 4206 consulendi
809 4159 917 4208 Pottius
937 4157 1052 4221 Quaost.
1079 4163 1160 4224 etym.
1184 4161 1277 4209 1217.
1305 4158 1418 4209 Curtius

271 4239 363 4304 Etym.
382 4256 422 4304 gr.
442 4241 522 4295 elem.
542 4243 632 4294 1246.
664 4242 817 4294 Corssenns
842 4247 869 4293 in
888 4244 1009 4309 symbol.
1029 4245 1088 4296 crit.
1109 4244 1143 4293 ad
1162 4245 1249 4294 doctr.
1268 4245 1346 4300 form.
1366 4243 1416 4296 lat.

272 4339 299 4390 p.
319 4325 351 4375 77
369 4340 429 4390 sqq.
