3282 4970
360 293 407 340 os
430 294 481 340 xu
505 294 718 342 rnsvcssvu
739 294 916 354 sacrqvus
939 293 1227 344 cousrrrvuums.
1325 279 1366 344 93

195 483 202 490 -
220 469 291 514 rum
306 447 424 516 libido:
447 470 520 513 cum
536 452 691 526 ‘feriatur'
707 449 868 514 Rivallius
876 497 886 530 ‚
903 449 1057 515 Ouiacius
1074 446 1131 531 ab,
1153 452 1298 526 ‘seratur'
1315 449 1365 515 Si·

219 551 348 638 gonius,
365 553 470 628 ‘serat’
487 551 620 639 quidam
636 552 725 640 apud
736 552 926 619 Turnebum
935 551 1022 618 Adv.
1034 551 1124 616 XIII
1135 553 1189 635 26,
1205 556 1365 630 ‘fateatur’

220 653 395 720 Turnebus
410 653 456 720 ib.
473 665 505 720 et
521 654 644 721 XXIX
661 655 701 720 14
714 693 757 704 --
772 659 858 732 ‘fars‘
876 659 974 718 iutur’
995 653 1077 718 adeo
1100 652 1278 725 Salmasius
1300 655 1365 720 Ob·

219 777 306 837 serv.
328 755 370 821 ad
392 755 443 820 ius
465 757 536 823 Att.
557 780 584 822 c.
601 758 644 823 30
663 765 897 844 proponerent:
925 756 980 842 qui
1002 754 1175 821 cumulatis
1201 757 1366 822 erroribus

188 875 193 880 ·
220 860 335 924 turbas
362 866 525 922 auxerunt
550 858 660 945 potius
688 880 787 946 quam
816 867 1081 944 composuerunt.
1121 855 1191 922 Nec
1219 858 1366 944 profecto

222 961 406 1048 composuit
419 959 585 1045 Bergkius
593 1009 602 1044 ,
619 961 675 1048 qui
689 982 794 1047 nuper
808 960 843 1024 in
856 958 975 1024 Philol.
990 959 1080 1024 XXI
1094 982 1126 1046 p.
1141 959 1204 1024 591
1225 958 1296 1024 luxi
1317 981 1366 1024 sa·

221 1063 328 1140 nandi,
344 1062 527 1127 cantionem
548 1061 638 1148 apud
659 1062 818 1128 Catonem
833 1083 859 1126 r.
875 1084 901 1126 r.
921 1061 982 1125 160
995 1061 1230 1148 interpretatus
1245 1060 1281 1124 in
1299 1060 1365 1127 'for-

222 1185 349 1228 marum
377 1168 491 1228 ‘dorios
516 1169 679 1228 darduries
703 1168 872 1228 asmtartes'
903 1163 1180 1250 comparationem
1206 1166 1365 1238 ‘feriatur’

223 1265 352 1352 quoque
367 1267 503 1332 vocavit
517 1276 553 1332 ut
569 1265 754 1352 optativum
775 1265 885 1330 nescio
907 1286 1005 1352 quem
1024 1259 1193 1350 praeteriti
1212 1263 1366 1332 liberiore

222 1387 284 1432 usu
299 1368 453 1454 positum,
468 1390 565 1454 quem
579 1389 675 1431 usum,
690 1367 724 1430 in
739 1365 1020 1432 condicionalibus
1036 1367 1177 1431 maxime
1195 1367 1366 1432 sententiis

223 1469 345 1534 diutius
361 1491 459 1555 quam
474 1469 573 1555 vulgo
589 1478 754 1534 statuatur
774 1468 935 1534 mansisse
951 1468 1126 1533 adseverat
1140 1491 1197 1533 -:
1221 1490 1303 1554 quae
1325 1469 1366 1533 de

221 1571 352 1657 tripode
366 1570 457 1636 edita
471 1572 629 1638 confiteor
644 1593 717 1636 mea
732 1570 803 1636 acie
818 1591 890 1635 esse
904 1570 1135 1656 impeditiora·
1149 1569 1264 1656 Neque
1280 1573 1365 1636 enim

181 1701 199 1728 s
222 1677 376 1750 ‘ferietur'
386 1675 438 1738 cui
450 1672 648 1760 respondeat
664 1678 790 1738 ‘darios’
803 1682 836 1738 et
852 1674 938 1760 quod
948 1682 1117 1760 praeterea
1128 1672 1223 1737 affert
1235 1680 1365 1738 ‘essem'

222 1795 265 1839 ex
281 1775 404 1840 ‘esiem'
421 1776 537 1856 ‘seins’
553 1776 575 1840 i.
593 1799 622 1840 e.
643 1775 735 1856 ‘einr’
751 1784 865 1840 natum
879 1775 937 1858 (2),
954 1772 1097 1839 inGellii
1111 1773 1205 1840 libris
1222 1783 1367 1839 extat—-

222 1876 345 1943 infame
365 1876 496 1964 quidem
516 1875 668 1943 voluerat
688 1875 982 1964 Bynkershoekius
1002 1875 1100 1942 Obss.
1116 1876 1298 1942 v1125'-
1312 1899 1365 1942 ne

221 2001 284 2066 que
300 1979 461 2046 eiusmodi
476 1979 617 2066 optativi
628 1977 695 2043 ulla
710 1979 745 2042 in
763 1978 836 2063 lege
851 1977 994 2062 vestigia
1009 1987 1178 2069 apparent.
1216 1977 1293 2044 Alia
1306 1977 1365 2063 igi-

221 2091 276 2145 tur
291 2080 465 2169 explicatio
481 2079 776 2166 circumspicienda
791 2081 867 2145 erit:
887 2091 985 2166 atque
1000 2081 1074 2144 cum
1088 2080 1304 2146 indicativum
1319 2081 1366 2144 in-

221 2181 333 2268 tellegi
347 2205 481 2248 necesse
497 2184 552 2266 sit,
569 2183 612 2248 ad
627 2182 806 2247 feriandi
821 2182 958 2248 verbum
974 2181 1063 2268 quod
1078 2204 1118 2246 ex
1134 2182 1151 2246 f
1155 2182 1250 2246 andi
1264 2182 1366 2267 stirpe

223 2284 390 2350 derivetur
405 2284 606 2350 devehimur.
645 2284 708 2350 Oui
728 2284 830 2350 verbo
851 2281 985 2348 aliunde
1005 2305 1071 2348 non
1092 2285 1222 2368 cognito
1245 2283 1368 2349 dixerit

222 2386 386 2472 quispiam
400 2387 489 2452 haud
503 2386 610 2452 levem
625 2387 853 2452 auctoritatem
868 2407 1054 2452 accrescere
1065 2407 1107 2452 ex
1118 2385 1243 2452 Donati
1254 2386 1365 2452 verbis

222 2487 265 2551 ad
280 2488 428 2554 Terentii
443 2489 674 2555 Phormionem
688 2488 738 2552 IV
752 2488 791 2570 4,
806 2488 848 2552 28
873 2493 1019 2552 ‘hariolus
1033 2499 1078 2552 est
1091 2495 1143 2567 qut
1156 2495 1257 2553 diviua
1271 2503 1367 2553 mente

221 2596 419 2655 autumatur:
446 2597 543 2656 dictus
562 2597 697 2656 hariolus
719 2597 806 2670 quusi
827 2595 997 2668 feriolus
1022 2594 1138 2668 usulis
1157 2603 1186 2656 et
1210 2612 1230 2654 α
1253 2595 1362 2668 solido,

220 2713 288 2756 eum
302 2698 332 2756 F
337 2714 400 2773 pro
413 2698 447 2756 H
458 2705 487 2758 et
500 2701 567 2759 item
582 2699 617 2758 H
623 2714 682 2774 pro
697 2699 726 2757 F
742 2700 774 2757 iu
795 2699 894 2758 multis
913 2678 1107 2758 locutionibus
1123 2701 1277 2772 ponatur!
1315 2695 1365 2759 Ac

221 2815 337 2882 reapse
361 2796 511 2863 extitisse
531 2797 672 2862 formam
688 2800 848 2874 ‘feriolus'
866 2797 1041 2861 Terentius
1064 2796 1206 2862 Scaurus
1227 2804 1367 2862 testatur
1491 2813 1496 2824 ’

152 2959 154 2962 .
221 2918 254 2983 p.
268 2895 364 2962 2250.
379 2897 464 2963 2252
479 2898 516 2962 Ρ.
539 2908 573 2963 et
593 2897 701 2966 Gloss.
724 2898 802 2964 Vat.
823 2899 872 2963 VI
892 2920 925 2985 p.
943 2898 1008 2962 524
1026 2898 1073 2966 Μ.
1097 2903 1238 2976 ‘feriolus
1257 2905 1365 2964 torio-

221 3006 297 3062 lus’:
321 2998 409 3094 unde
431 3000 666 3065 Schwenckius
688 2993 816 3087 quoque
837 3000 918 3064 Lex.
940 2999 1073 3086 etymol.
1096 3024 1128 3087 p.
1149 3003 1229 3085 311,
1248 3003 1313 3067 260
1333 3012 1366 3067 et

222 3099 386 3166 Christius
401 3101 729 3169 Phi101.XV111174
744 3101 880 3166 eandem
896 3100 992 3166 huius
1007 3103 1100 3168 vocis
1115 3104 1364 3188 originationem

221 3223 419 3290 quamquam
433 3204 582 3290 neglecto
590 3205 714 3271 Donati
728 3203 799 3270 loeo
814 3227 928 3269 rursus
943 3203 1160 3291 protulerunt.
1184 3205 1289 3292 Atqui
1304 3206 1365 3270 hoc

221 3315 255 3370 et
269 3305 366 3370 nimis
381 3306 542 3372 incertum
557 3317 608 3373 est
623 3317 656 3373 et
670 3306 771 3373 habet
784 3329 848 3392 quo
865 3306 1052 3394 displiceat:
1076 3328 1149 3372 cum
1168 3307 1364 3374 vocabulum
1455 3380 1458 3385 ,

222 3405 402 3491 ‘hariolus',
418 3411 453 3473 in
469 3431 532 3496 quo
548 3433 641 3475 suam
655 3412 722 3476 vim
738 3409 895 3496 aspiratio
911 3410 1038 3490 retinet,
1054 3408 1144 3476 nullo
1156 3409 1251 3475 modo
1267 3409 1365 3475 liceat

222 3531 375 3595 separare
390 3510 432 3575 ab
447 3511 636 3598 ‘haruspex'
657 3513 727 3579 sive
743 3512 922 3600 ‘harispex'
946 3510 1003 3596 (cf.
1022 3510 1136 3577 Orellii
1151 3513 1253 3579 Inscr.
1270 3512 1364 3576 2294.

220 3611 353 3699 22981»
367 3635 450 3700 quac
466 3615 509 3680 ad
525 3615 659 3702 stirpem
675 3616 791 3698 ‘barat
809 3616 917 3698 ‘hirst
932 3613 1106 3698 (=xoltic,
1122 3615 1224 3700 χόλιξ)
1237 3615 1260 3680 i.
1269 3639 1296 3679 e.
1306 3615 1363 3677 ‘in-
1485 3646 1488 3652 ·

220 3715 352 3780 testina'
370 3715 570 3798 (Macrobius
586 3739 700 3783 comm.
722 3720 758 3782 in
773 3740 877 3783 somn.
894 3716 945 3782 Se.
964 3721 998 3799 1,
1014 3719 1051 3801 6,
1068 3719 1118 3783 77.
1141 3716 1264 3782 Paulus
1280 3717 1364 3782 Exc.

113 3863 116 3868 -
221 3837 263 3882 ex
278 3816 314 3880 F.
336 3840 368 3903 p.
387 3819 457 3882 101.
482 3819 591 3886 Gloss.
613 3819 851 3906 Labb.Plac.),
873 3819 944 3884 iure
966 3820 1135 3886 revocavit
1152 3821 1363 3886 Aufrechtius
1443 3865 1445 3870 -

221 3918 255 3981 in
280 3918 405 3983 Kuhnii
433 3921 553 3986 Annal.
576 3922 655 4008 ling.
678 3945 783 4010 comp.
804 3924 858 3989 III
880 3946 913 4010 p.
937 3923 997 3988 198
1020 3945 1068 4010 sq.
1101 3923 1144 3988 cf.
1168 3924 1210 3988 G.
1233 3922 1363 3988 Curtius

220 4019 332 4104 Etym.
349 4043 398 4107 gr.
416 4021 508 4088 elem.
525 4025 541 4089 Ι
558 4025 629 4089 171).
652 4026 832 4092 Oorssenus
848 4024 1050 4112 Symbcrit.
1066 4048 1098 4113 p.
1113 4025 1185 4090 213.
1209 4023 1282 4090 Non
1297 4044 1364 4088 ma-

221 4175 422 4190 ————-—-

289 4262 312 4330 ¹)
331 4265 430 4318 ‘Arioli
448 4270 477 4318 et
495 4267 648 4333 aruspices'
667 4268 817 4334 iunguntur·
834 4267 925 4320 Plaut.
945 4267 1042 4346 Amph.
1060 4266 1126 4325 Μ,
1145 4270 1169 4317 2.
1188 4266 1247 4317 Mil.
1267 4266 1301 4332 gl.
1322 4266 1363 4317 ΙΙΙ

224 4346 247 4412 1,
266 4351 308 4402 99.
327 4352 438 4402 Terent.
457 4352 565 4403 Phorm.
586 4353 624 4404 IV
642 4355 666 4413 4,
685 4355 725 4403 27.
746 4353 842 4404 Cicero
862 4353 894 4404 de
912 4357 971 4402 nat.
989 4353 1025 4402 D.
1043 4354 1056 4402 I
1074 4355 1116 4416 20,
1135 4354 1176 4452 qb.
