3282 4992
295 301 335 366 74
700 315 812 364 οΑΡνΤ
836 313 1013 376 erarvu.
1059 339 1062 344 -

293 471 462 537 excusatio
485 480 601 559 sponte
623 477 813 557 comparata
833 476 884 532 est
903 466 1046 534 velutin
1067 466 1249 553 oppositis&
1264 472 1309 533 ‘st'
1323 478 1434 548 pater

290 583 385 652 filium
401 585 446 639 ter
466 593 569 638 aevvm
591 577 668 649 avit,
687 575 799 649 filivs
820 591 840 633 a
855 584 948 650 patre
962 573 1037 634 liber
1051 575 1127 633 esto’
1146 567 1210 654 (IV
1223 568 1275 652 2),
1297 570 1433 656 pariter-

293 700 355 765 que
377 682 570 740 ‘mutieres
588 694 683 752 penas
697 694 734 737 ve
748 677 894 736 redento'
911 671 960 751 (X
974 671 1026 757 4),
1044 677 1090 734 ‘st
1102 685 1244 735 eoronam
1254 678 1341 751 parit
1354 679 1434 752 ipse

291 785 498 859 pecuniave
512 782 585 840 ev'vs'
604 775 652 861 (X
668 777 714 861 7),
731 779 771 838 ‘se'
783 796 914 839 servvs
925 777 1046 851 sertam
1057 777 1145 850 savee’t
1159 773 1245 854 (XII
1260 775 1308 860 3),
1324 779 1370 837 ‘m'
1383 781 1434 840 ἰυ-

293 887 426 946 dicatum
437 883 519 956 saev't
533 887 586 941 avt
599 882 680 956 qvis
694 881 770 940 eodo
784 897 823 941 eo
838 883 869 939 v'v
884 882 950 940 iure
964 880 1098 941 vtadiett'
1116 874 1185 961 (III
1199 875 1247 962 3),
1265 884 1339 942 evv'
1351 883 1434 942 testi-

292 988 421 1048 moniam
436 985 581 1058 desvevtt,
597 966 1431 1063 istert'tdv'ebvsvisobportvmabvvpvlvtvmv‘to’(113).

294 1084 379 1151 Cant
366 1094 417 1164 tra
443 1081 688 1148 excusationem
713 1103 778 1147 non
803 1081 940 1147 haberet
926 1080 1053 1168 tquod
1079 1078 1204 1169 placuit
1229 1073 1433 1164 Goettlingio

292 1186 396 1268 (Hist.
422 1186 501 1271 reip.
529 1185 622 1249 Rom
650 1183 772 1248 admin.
799 1205 830 1270 p.
857 1181 970 1265 323)’
961 1204 997 1246 m
1019 1181 1185 1248 verbist
1173 1188 1267 1246 tertiis
1292 1187 1434 1246 nundinis

288 1295 389 1368 partis
408 1293 544 1353 seraato'
561 1285 704 1372 (1116)
712 1289 841 1372 partes’
862 1282 1102 1350 nominativum
1123 1306 1235 1350 casum
1256 1306 1329 1348 esse
1343 1283 1434 1349 intel-

291 1389 512 1476 legendosque
537 1387 730 1453 creditores:
758 1409 832 1456 eum
854 1395 943 1451 recte
968 1383 1151 1473 explicetur
1176 1388 1229 1452 ‘in
1254 1395 1365 1474 partes
1387 1409 1434 1451 se·

292 1496 417 1572 eant0'‚
439 1491 593 1555 nimirum
612 1489 719 1556 bona
746 1488 921 1567 debitoris,
944 1510 1012 1553 non
1033 1509 1162 1574 corpus.
1173 1489 1198 1574 ¹)
1236 1487 1305 1553 Nee
1328 1487 1434 1573 magis

291 1593 462 1679 Kayserus
478 1590 678 1672 audiendus,
701 1592 757 1677 qui
776 1613 835 1676 pro
860 1599 939 1654 rem
960 1595 1011 1654 vhe
1024 1599 1156 1670 paeant'
1182 1589 1335 1657 Isscum
1355 1589 1433 1655 Rut-

291 1695 400 1779 gersio
417 1699 486 1759 rev
482 1698 607 1773 vaip?
624 1692 717 1758 malit
731 1693 851 1778 corrigr
841 1691 925 1778 (ad
941 1691 1066 1758 Cornif.
1080 1715 1114 1779 p.
1130 1691 1219 1777 251).

266 1809 267 1814 ’
376 1795 490 1882 Neque
505 1803 614 1860 tamen
630 1791 703 1860 ¹vest
706 1796 773 1880 igia
788 1795 907 1861 desunt
918 1794 1066 1860 extitisse
1083 1794 1258 1880 aliquando
1269 1816 1326 1882 qm
1315 1793 1433 1858 istam

291 1897 327 1961 in
341 1897 521 1984 pangendis
538 1896 648 1963 verbis
664 1897 772 1984 asperi
775 1905 876 1962 tatem
890 1895 992 1961 lenire
1007 1894 1117 1980 aliqua
1131 1917 1173 1960 ex
1188 1903 1281 1982 parte
1295 1903 1434 1981 tempta·
1525 1909 1546 1964 ,“

254 2073 257 2078 .
291 2009 375 2064 rent.
404 1998 553 2088 Namque
568 2008 644 2085 post
658 1999 787 2064 initium
801 1998 898 2064 tale
901 2005 927 2062 εἰ
947 2004 1152 2071 intermeat,
1169 2004 1217 2062 ito.
1247 2019 1280 2061 aa
1275 2003 1329 2074 it,
1346 2007 1434 2061 ante-

291 2107 434 2166 stamv'vo:
448 2107 540 2180 ipttvr
554 2121 600 2164 em
614 2109 721 2183 capito.
756 2109 784 2165 εἰ
796 2107 925 2165 calvitur
941 2104 1083 2179 pedemve
1095 2106 1195 2173 struit,
1217 2119 1339 2164 mevam
1357 2104 1435 2164 endo

292 2210 408 2285 taeito',
430 2225 547 2290 parum
566 2202 738 2290 probabile
759 2214 809 2270 est
830 2203 864 2266 in
884 2200 956 2287 lege
976 2203 1069 2288 sequi
1087 2201 1233 2288 potuisse
1254 2208 1299 2265 ‘st
1317 2205 1435 2266 martas

292 2313 439 2371 aevitasve
453 2312 553 2370 vivam
575 2313 660 2379 escit,
684 2312 746 2384 qvi
764 2312 800 2369 ta
821 2311 878 2370 ivs
898 2309 1061 2378 vocabit,
1084 2311 1245 2369 iumentum
1265 2309 1351 2368 data'
1373 2325 1434 2370 nec

293 2410 399 2494 magis
421 2407 539 2474 deinde
555 2405 659 2489 (1113
675 2407 738 2494 sq.)
762 2413 811 2471 ‘vv’
829 2413 993 2471 iudicatum
1011 2409 1092 2483 facit
1107 2454 1115 2470 .
1132 2454 1141 2471 .
1158 2455 1166 2470 .
1184 2453 1191 2470 .
1210 2426 1311 2472 seeum
1327 2411 1433 2471 dvetto.

292 2517 398 2576 vivetto
413 2521 466 2576 avt
479 2529 569 2574 nervo
583 2520 637 2572 avt
650 2513 837 2588 compedibus
853 2558 861 2573 .
879 2557 885 2572 .
904 2559 911 2575 .
929 2558 936 2574 .
952 2515 981 2572 εἰ
993 2515 1067 2572 votet
1079 2527 1133 2572 svo
1146 2514 1243 2574 vivito.
1274 2515 1308 2572 nv·
1320 2528 1373 2573 svo
1387 2515 1431 2572 vv'·

292 2620 345 2687 vit,
368 2618 432 2692 qvi
449 2632 527 2676 evm
555 2617 716 2674 vinctam
736 2615 899 2689 habebit,
921 2615 1015 2676 libras
1034 2615 1136 2689 farris
1160 2616 1237 2676 eada
1263 2616 1326 2676 dves
1350 2616 1433 2676 datv’
1512 2685 1514 2690 ,

292 2713 393 2797 (Gall.
407 2713 478 2778 XX
495 2715 524 2795 1,
540 2712 591 2778 25.
608 2711 664 2798 45)
683 2750 717 2760 -
736 2713 794 2778 ubi
809 2718 899 2778 ‘evm’
915 2735 1043 2800 quoque
1058 2713 1166 2778 forma
1180 2713 1309 2778 novicia
1330 2713 1433 2799 suspi-

264 2883 268 2889 ,
293 2817 415 2882 tionem
436 2825 547 2880 movet
570 2835 625 2879 -ι
648 2836 763 2880 verum
784 2814 866 2880 tales
888 2813 1125 2901 explicationes
1148 2825 1265 2902 postea
1286 2815 1434 2881 adiectae

293 2927 370 2983 sunt
384 2916 503 3004 quibus
524 2916 753 3003 perspicuitati
775 2918 1011 2984 consuleretur.
1041 2917 1116 2983 Non
1137 2917 1227 2982 aliud
1247 2917 1312 2983 fuit
1331 2919 1435 2984 consi-

291 3019 373 3085 lium
394 3019 535 3085 auctoris
557 3018 600 3084 ad
621 3019 765 3084 Herenn.
782 3020 799 3085 I
817 3021 870 3104 13,
886 3021 928 3085 23
951 3019 996 3105 (V
1011 3020 1048 3102 3,
1064 3021 1099 3105 4)
1122 3025 1436 3099 ‘Paterfamilias

292 3128 335 3188 vta¹
348 3126 506 3202 lepvverv't’
522 3131 555 3186 et
571 3128 617 3186 ‘av'
627 3143 649 3202 p
658 3126 821 3200 vtersam
830 3130 918 3187 ittae
933 3129 1069 3186 intestato
1083 3128 1227 3188 moritvr'
1243 3123 1284 3189 de
1299 3121 1371 3209 lege
1385 3145 1434 3189 re·

291 3223 427 3290 ferentis
445 3222 504 3311 (id.
521 3223 636 3290 Cicero
660 3223 701 3289 de
721 3225 788 3290 inv.
806 3224 907 3308 1150,
928 3225 1019 3308 148):
1043 3247 1108 3313 qua
1129 3225 1169 3290 de
1189 3247 1225 3290 rc
1246 3248 1333 3291 nunc
1353 3226 1434 3291 satis

290 3335 420 3391 constat
439 3335 514 3412 post
535 3325 665 3392 doctam
687 3325 782 3393 Erbii
804 3327 1060 3413 disputationem
1084 3326 1132 3412 (in
1152 3326 1305 3412 Hugonis
1324 3327 1433 3392 Prom-

292 3437 399 3514 ptuar.
414 3426 477 3492 iur.
493 3427 556 3494 civ.
573 3428 623 3494 IV
637 3452 669 3515 p.
684 3429 748 3493 462
763 3431 860 3516 sqq).
887 3429 996 3515 Atque
1012 3427 1117 3494 simile
1132 3428 1212 3515 quid
1225 3430 1434 3495 commissum

293 3529 397 3594 estin
418 3540 594 3617 praecepto
614 3528 768 3596 lacunose
789 3531 878 3619 apud
893 3531 1028 3595 Festum
1049 3530 1150 3596 citato
1171 3554 1204 3618 p.
1219 3531 1283 3598 376
1300 3531 1387 3616 (XII
1400 3533 1433 3614 4)

292 3636 331 3696 ‘se'
344 3635 506 3696 vv'ndv'ev'am
524 3636 639 3710 salsam
662 3639 728 3697 tvtit
740 3641 801 3698 sive
815 3639 875 3698 litis
892 3684 898 3697 .
918 3681 925 3698 .
943 3684 951 3699 .
968 3681 975 3698 .
993 3642 1039 3697 tar
1059 3637 1188 3698 arbitros
1208 3640 1262 3698 tvv's
1277 3639 1360 3708 dato,
1382 3655 1434 3699 ec-
1482 3675 1483 3680 κ

292 3755 358 3799 rum
374 3737 499 3799 arbitria
515 3783 522 3798 .
540 3738 684 3811 ‚fructas
704 3740 845 3816 daptv'ave
866 3741 1008 3800 damnvm
1030 3741 1184 3810 decidito’,
1205 3735 1263 3802 ubi
1282 3735 1344 3801 etsi
1364 3737 1434 3801 iure

283 3834 437 3924 'suppleri
458 3836 592 3903 videtur
607 3842 746 3916 ‘praetor
754 3843 774 3919 ²,
799 3837 887 3902 idem
909 3847 1020 3902 tamen
1046 3837 1170 3924 pariter
1196 3837 1239 3903 ab
1265 3837 1338 3924 ipsa
1361 3836 1433 3924 lege

291 3938 435 4004 alienum
449 3939 514 4004 fuit
528 3949 627 4026 atque
642 3939 729 4026 quod
742 3939 777 4003 in
793 3939 897 4004 altera
911 3938 1028 4005 lacuna
1039 3976 1080 3985 —
1094 3940 1185 4004 cuius
1199 3949 1309 4004 tamen
1319 3949 1433 4006 notan·

292 4039 370 4105 dum
386 4049 437 4106 est
450 4039 576 4106 nullum
598 4041 776 4126 vestigium
795 4063 867 4107 esse
888 4042 922 4105 in
936 4043 1098 4108 Vaticano
1117 4040 1199 4106 1549
1219 4049 1252 4105 et
1272 4041 1306 4106 in
1321 4041 1433 4127 Augu-

360 4279 380 4348 ¹)
405 4283 442 4335 cf.
465 4281 693 4348 Goettliugiusl.
716 4282 735 4336 l.
759 4300 785 4348 p
809 4286 868 4336 324.
903 4281 1065 4336 Huschkius
1091 4283 1169 4335 De
1161 4299 1220 4336 ture
1248 4283 1313 4335 nexi
1341 4299 1367 4352 p.
1391 4286 1432 4335 90.

294 4365 484 4436 Schweglerus
503 4369 538 4419 H.
557 4369 589 4420 R.
607 4369 695 4438 Illp.
715 4371 748 4420 38
766 4385 853 4440 squ.
