3282 4992
294 316 342 400 ’68
453 373 487 379 -ν
571 335 572 338 ’
728 351 840 400 oarvr
863 349 1027 398 ruarrvu.

300 527 333 590 p.
351 504 412 570 195
426 505 506 591 sq.):
524 504 581 590 qui
596 511 629 569 et
644 504 774 570 Gaiano
790 505 1039 585 commentario,
1060 525 1124 590 quo
1141 501 1210 570 solo
1231 501 1349 570 nititur
1363 503 1445 567 haee

302 607 554 690 argumentatio,
571 629 701 673 omnem
717 605 757 672 da
772 629 812 671 ea
826 628 861 671 re
876 605 974 671 fidem
989 605 1162 690 abrogavit
1177 615 1210 670 et
1224 605 1314 670 istud
1329 623 1444 692 aequa-

300 707 440 774 bilitatis
455 707 644 790 artificium,
662 731 725 795 quo
746 705 800 773 vel
820 708 855 771 in
878 707 961 772 duas
977 705 1287 774 extremas'tabulas
1307 707 1360 771 bis
1376 707 1445 793 qui-

297 825 416 873 narum
431 811 618 876 tabularum
634 809 861 899 supplementa
876 806 923 872 illi
938 807 1213 894 distribuerint1),
1228 808 1326 872 nimis
1343 828 1449 872 remo·

299 920 370 976 tum
385 921 419 977 et
434 933 454 976 a
468 920 618 976 vetustae
634 913 751 977 aetatis
774 909 982 998 simplicitate
1004 919 1037 976 et
1056 911 1099 975 ab
1114 910 1270 976 universa
1284 909 1445 974 Romano·

300 1035 373 1078 rum
388 1013 624 1079 consuetudine
639 1013 756 1080 merito
771 1013 870 1078 irrisu
886 1011 1163 1098 condemnavit.²)
1193 1010 1343 1097 Namque
1360 1011 1445 1076 siout

299 1117 334 1178 in
354 1115 426 1200 lege
446 1113 599 1180 Cornelia
629 1114 670 1179 de
696 1115 765 1180 XX
793 1114 1040 1202 quaestoribus,
1064 1114 1156 1178 euius
1186 1121 1304 1178 octava
1330 1110 1445 1178 tabula

301 1225 466 1303 superstes
494 1227 557 1298 est,
584 1227 618 1284 'et
644 1218 678 1281 in
702 1217 774 1303 lege
796 1216 923 1283 Rubria
943 1215 984 1281 de
1006 1214 1135 1281 Galliae
1162 1214 1277 1301 oisalp.
1299 1213 1445 1295 civitate,

302 1319 394 1382 euius
409 1327 561 1404 quartam
576 1319 752 1401 habemus,
768 1320 816 1385 ita
831 1319 930 1384 etiam
945 1319 980 1382 in
995 1317 1066 1402 lege
1082 1317 1218 1403 antiqua
1234 1315 1365 1381 tabulae
1380 1337 1453 1381 non*

300 1441 438 1505 corpora
463 1419 651 1487 efficiebant
677 1429 734 1486 aut
759 1420 885 1506 capita,
913 1411 970 1484 sed
996 1429 1067 1484 erat
1095 1419 1251 1484 continua
1277 1417 1445 1504 tamquam

300 1523 497 1607 paginarum
513 1522 625 1586 series.
640 1560 682 1570 -
697 1520 774 1608 Ipse
796 1532 907 1588 tamen
922 1520 1050 1585 Puohta
1073 1542 1136 1608 quo
1158 1518 1307 1606 exemplo
1327 1518 1444 1605 proba-

265 1693 267 1697 ,
300 1633 393 1689 turus
409 1633 460 1689 est
475 1623 655 1688 secundum
671 1623 819 1688 ordinem
839 1622 948 1708 legum
969 1623 1004 1686 iu
1020 1644 1216 1708 unaquaque
1236 1620 1351 1687 tabula
1372 1643 1444 1707 per·

304 1724 501 1810 scriptarum
516 1726 683 1791 numerari
704 1725 905 1791 aveteribus
923 1723 1041 1792 solere:
1064 1724 1104 1789 de
1125 1746 1163 1790 eo
1185 1745 1282 1810 quam
1303 1724 1445 1788 maxime

304 1825 430 1893 dubito.
453 1827 558 1892 Extat
573 1827 661 1914 apud
676 1828 812 1893 Festum
826 1850 859 1913 p.
867 1828 930 1892 273
942 1851 972 1892 v.
988 1849 1058 1890 rens
1075 1873 1082 1890 .
1100 1874 1107 1890 .
1123 1831 1168 1889 ‘at
1182 1830 1286 1905 Capito
1302 1831 1401 1890 Ateius
1415 1832 1446 1888 in

296 1933 405 1992 eudem
419 1932 539 2008 quidem
559 1936 696 2009 opinione
715 1940 771 2007 est,
793 1935 848 1994 sei
867 1935 1002 2008 exennia
1017 1934 1142 1992 adiuvat
1161 1933 1443 2007 interpretationem.

228 2077 232 2084 -
301 2034 416 2094 Nnrnn
433 2037 470 2094 in
484 2037 650 2096 secanda
665 2036 795 2096 tnbnia
814 2035 978 2096 secunda
993 2037 1073 2109 lene
1093 2038 1130 2094 in
1145 2052 1214 2110 qna
1228 2037 1370 2110 seriptum
1385 2041 1444 2094 est:

236 2180 241 2186 -
302 2137 376 2211 qnid
386 2137 494 2196 vitorum
507 2137 570 2209 snit
583 2153 675 2198 nnnm
689 2138 785 2198 indici
798 2138 946 2198 arbitrove
960 2153 1059 2210 reove,
1074 2153 1109 2197 eo
1124 2137 1187 2196 dies
1202 2135 1347 2210 diffensus
1361 2139 1444 2196 esto?

302 2233 369 2299 Ubi
384 2257 459 2299 oum
475 2239 597 2300 ‘Nnrnn'
613 2258 681 2301 vox
697 2235 820 2301 dudum
835 2245 952 2305 notata
973 2245 1059 2301 esset
1079 2234 1160 2320 legis
1176 2233 1246 2300 XII
1267 2242 1443 2320 praecepto

300 2335 385 2400 male
401 2337 569 2423 apposita,
585 2338 767 2404 tumetium
781 2339 932 2424 proxima
947 2337 1050 2402 verba
1065 2342 1108 2400 ‘in
1129 2341 1262 2400 secunda
1277 2341 1381 2400 inbuta
1395 2357 1445 2399 se-

300 2441 401 2501 cunda
421 2444 501 2516 legre'
523 2461 565 2503 ex
586 2449 700 2506 nostro
722 2442 831 2527 potius
854 2438 978 2504 citandi
999 2460 1088 2503 more
1109 2448 1185 2503 sunt
1205 2461 1303 2524 quam
1317 2449 1367 2502 ‘ex
1381 2437 1444 2502 Ro-

250 2605 251 2610 ,
299 2563 486 2623 manorum,
510 2541 629 2627 quibus
651 2541 840 2628 ponendum
860 2539 925 2608 fuit
947 2545 1198 2605 ‘in'seenndue
1219 2545 1369 2604 tabulae
1393 2561 1444 2604 se-

299 2649 400 2707 cunda
415 2651 502 2722 lene.²
533 2642 648 2728 Itaque
664 2641 721 2708 ant
735 2643 920 2730 putaverim
936 2648 1080 2706 ‘seconcia
1099 2649 1177 2721 iene'
1192 2639 1357 2728 glossema
1373 2665 1445 2706 esse

300 2745 343 2808 ad
359 2741 502 2808 ‘secundet
517 2749 630 2808 tubnin’
646 2745 812 2827 additum,
834 2753 891 2809 aut
913 2749 1079 2809 ‘secanda'
1100 2752 1288 2831 corruptum
1310 2767 1381 2809 esse
1403 2765 1444 2808 ex

300 2867 433 2910 numero
454 2848 541 2909 XII:
567 2854 603 2910 ut
624 2844 677 2912 vel
697 2847 838 2934 probata
857 2849 892 2911 in
912 2847 1028 2912 ceteris
1050 2839 1196 2912 Turnebi
1217 2845 1444 2911 emendatione

301 2947 404 3027 (adv.
421 2946 525 3013 XVII
540 2949 575 3034 8)
599 2949 763 3014 sententia
784 2949 1001 3015 constituatur
1022 2955 1127 3013 ‘Nan
1143 2955 1172 3014 in
1189 2954 1322 3013 secunda
1343 2953 1445 3012 totuin

299 3053 334 3111 X
337 3054 358 3112 I
361 3055 386 3113 ΙΔ
401 3057 497 3127 ienis
510 3057 654 3130 scriptum
675 3059 733 3115 ert’
755 3049 808 3116 vel
829 3050 857 3114 si
872 3050 968 3115 malis
984 3056 1031 3116 ‘in
1048 3057 1126 3130 qnn’
1143 3051 1285 3134 servari,
1301 3049 1344 3115 ad
1358 3051 1445 3115 hune

294 3151 368 3242 ¹fere
384 3153 518 3218 modum
539 3153 735 3218 restituatur
750 3160 801 3216 ‘nt
816 3149 920 3232 Cupito
934 3158 1036 3219 Ateius
1056 3161 1087 3217 in
1107 3159 1212 3225 enitent
1235 3158 1354 3231 quidem
1375 3157 1445 3233 opi-

301 3260 388 3318 nione
398 3265 449 3328 est,
461 3259 515 3318 secl
527 3262 664 3335 exemplo
676 3261 799 3320 ndinont
812 3261 1082 3335 interpretationem
1097 3264 1238 3334 sumpto
1249 3276 1298 3319 ex
1312 3258 1444 3319 seeundo

300 3361 402 3418 tainiu
418 3360 499 3418 XII
515 3362 626 3435 lenit,
643 3363 673 3420 in
689 3378 749 3436 qnn
764 3363 988 3436 scriptumest.
1005 3407 1014 3424 .
1033 3366 1053 3423 .’

385 3456 461 3520 Non
482 3459 587 3522 maior
606 3458 706 3542 fides,
726 3458 761 3521 ni
782 3457 897 3542 fallor,
920 3457 1014 3525 alteri
1035 3459 1184 3548 exemplo
1206 3459 1359 3526 habenda
1382 3461 1444 3541 est,

300 3579 365 3646 quo
380 3553 466 3622 nuno
482 3558 607 3624 uitandi
628 3583 698 3625 mos
720 3557 879 3625 illustrari
903 3559 998 3626 solet.
1027 3562 1090 3628 Est
1105 3560 1206 3626 Gellii
1220 3561 1310 3628 loeus
1328 3561 1397 3626 XX
1415 3561 1444 3643 1,

299 3659 342 3725 25
357 3681 453 3746 quem
468 3683 573 3747 nuper
588 3661 744 3726 Hertzius
760 3685 803 3726 ex
817 3662 912 3747 Regii
928 3672 961 3728 et
975 3661 1133 3729 Vossiani
1153 3664 1287 3728 maioris
1305 3663 1445 3729 auotori-

299 3770 368 3826 tate
388 3761 437 3825 ita
458 3759 565 3833 dedit:¹
587 3767 661 3826 ‘Sed
680 3785 736 3828 cnr
755 3769 809 3828 titi
827 3785 890 3828 esse
911 3771 973 3828 nisu
994 3776 1038 3828 est
1057 3771 1224 3830 inhumana
1243 3773 1295 3829 len
1315 3773 1445 3830 omniurn

299 3883 365 3926 men
380 3867 499 3942 quidem
514 3871 657 3929 sententia
672 3869 901 3930 inmanissima:
916 3887 993 3945 qnae
1008 3873 1167 3931 iumentum
1183 3872 1256 3932 duri
1265 3872 1344 3931 iniret
1353 3887 1445 3945 ueqro

299 3975 352 4030 nni
365 3969 431 4028 seni
450 3971 480 4028 in
501 3971 548 4030 ins
561 3967 684 4031 noento?
721 3973 819 4032 Verba
832 3979 902 4032 snnt
915 3973 990 4032 haee
1004 3976 1078 4047 lenis
1094 3975 1150 4033 “si
1169 3976 1201 4034 in
1216 3975 1262 4034 ius
1277 3971 1445 4054 norut[o].’'

368 4223 389 4291 ¹)
407 4226 469 4276 Hoc
495 4227 569 4276 certe
589 4231 770 4276 commentum
793 4241 846 4278 uno
869 4227 1004 4280 Macrobii
1027 4227 1061 4280 de
1085 4228 1220 4280 fastorum
1244 4201 1445 4280 tabula'teati·

300 4311 391 4361 monio
411 4311 540 4362 concidit.
1447 4307 1451 4314 ’

367 4393 388 4460 ²)
409 4397 445 4448 ef.
460 4397 545 4447 etiam
558 4397 713 4448 Ruriorffius
726 4399 762 4454 Η,
777 4398 793 4450 i.
808 4400 855 4450 r.I
871 4399 930 4452 aot.
960 4400 1058 4450 Annei.
1076 4401 1127 4450 iur.
1141 4400 1276 4452 historiae
1289 4402 1332 4451 III
1345 4417 1373 4468 p.
1386 4401 1445 4455 181.
