3282 4992
305 276 309 287 '
398 302 446 348 ns
469 301 656 350 uvouscru
679 300 893 350 rusvasuvu
914 299 1087 350 uuuorm.
1208 357 1219 366 .
1300 291 1317 355 7

167 459 318 537 linerent,
326 465 383 522 aut
394 465 611 521 commutatae
624 464 681 519 aut
691 453 858 522 oblivione
869 456 1077 523 oblitteratae
1089 470 1209 524 essent.
1221 457 1317 524 Unde

166 559 254 646 quod
276 569 370 624 sexto
393 557 523 628 saeculo
544 559 739 644 interpretes
755 557 936 624 extiterunt
956 558 1038 644 legis
1054 559 1131 624 Sex.
1146 558 1262 630 Aelius
1284 571 1318 625 et

167 663 207 728 L.
229 661 373 743 Acilius,
396 683 499 748 aeque
521 660 706 747 explicatur
734 670 834 748 atque
860 660 949 747 quod
974 660 1080 725 eidem
1102 661 1143 734 de
1164 662 1317 728 vocabuli

168 771 301 829 ‘lessus’
324 764 456 829 notione
476 763 602 830 frustra
622 763 909 848 quaesiverunt¹),
931 764 1017 828 sicut
1040 772 1157 849 postea
1179 764 1221 828 ab
1243 762 1317 828 aliis

165 867 351 955 quaesitum
370 877 422 932 est
445 865 485 930 de
501 865 678 958 Sanatibus
699 875 732 931 et
747 866 875 930 Forctis
883 914 891 947 ,
909 866 949 931 de
965 871 1081 946 ‘pedem
1096 873 1201 930 strult’
1217 865 1315 953 etc.²)

167 968 302 1036 Scilicet
322 968 365 1032 ad
392 970 499 1034 fontes
522 978 555 1033 et
576 965 783 1051 indagandos
809 977 842 1032 et
862 967 1104 1034 exhauriendos
1132 970 1220 1034 omni
1247 977 1316 1033 tum

167 1071 355 1138 adiumento
370 1069 545 1137 destitutos
560 1069 664 1138 fuisse
679 1059 844 1137 Romanos
867 1069 948 1135 satis
964 1071 1064 1136 etiam
1084 1069 1217 1136 aliunde
1232 1093 1316 1136 com-

166 1174 322 1263 perimus.
1380 1161 1385 1167 ⁵

252 1275 406 1342 Ceterum
429 1274 478 1341 illi
498 1273 712 1340 iureconsulti
732 1296 832 1362 opera
853 1297 913 1341 sua
935 1275 1001 1361 legi
1026 1273 1256 1362 explanandae
1282 1285 1316 1342 et

164 1401 241 1445 cum
255 1377 460 1466 provectiore
480 1377 560 1443 iuris
582 1377 719 1442 scientia
734 1377 960 1443 conciliandae
975 1379 1143 1464 impertita
1164 1377 1226 1442 etsi
1242 1400 1314 1463 gra·-

164 1490 235 1546 tum
250 1480 358 1546 facere
372 1477 493 1568 populo
508 1479 560 1544 ius
575 1480 743 1544 exercenti
758 1480 854 1546 enixe
876 1478 1088 1562 studuerunt,
1109 1489 1219 1544 tamen
1234 1489 1313 1544 tem-

164 1583 254 1670 poris
271 1583 428 1670 iniquitas
444 1581 566 1666 effecit,
587 1591 624 1648 ut
643 1581 710 1646 iam
729 1582 793 1668 ipsi
816 1583 926 1669 potius
949 1580 1015 1667 legi
1037 1601 1131 1670 quam
1155 1582 1318 1646 communi

163 1685 240 1750 usui
255 1683 461 1752 consuluisse
477 1685 679 1750 viderentur.
704 1683 854 1771 Namque
869 1704 1080 1750 succrescens
1097 1686 1133 1748 in
1149 1683 1218 1748 dies
1234 1683 1317 1749 iuris

163 1789 393 1854 materia'oum
407 1787 504 1852 nimis
521 1795 744 1852 coarctaretur
759 1789 856 1852 certis
871 1785 954 1872 legis
971 1796 1003 1852 11
1019 1787 1184 1852 actionum
1196 1785 1317 1854 finibus

163 1892 335 1973 restricta,
362 1889 439 1954 inde
459 1912 480 1954 a
500 1889 638 1978 septimo
665 1887 796 1954 saeculo
824 1888 1018 1976 supergredi
1042 1889 1121 1954 fines
1152 1898 1319 1976 tamquam

164 1994 272 2058 amnis
288 1990 452 2057 inundans
469 1991 588 2078 coepit.
617 1989 722 2056 Simul
737 2000 833 2055 aucta
847 1992 1007 2078 novisque
1023 1991 1141 2057 studiis
1156 1991 1319 2058 instructa
1425 2005 1427 2012 ’

164 2092 377 2183 prudentium
401 2093 550 2159 doctrina
569 2091 688 2158 laetius
711 2091 954 2160 efflorescebat:
983 2115 1067 2180 quae
1087 2116 1208 2159 novam
1229 2093 1318 2160 viam

164 2220 211 2263 ex
222 2196 423 2262 Graecorum
438 2191 622 2261 imitatione
637 2195 785 2279 ingressa
794 2194 979 2261 absolutam
996 2214 1035 2260 ac
1049 2217 1109 2283 per
1124 2217 1159 2259 se
1175 2204 1317 2261 stantem

163 2300 248 2364 iuris
269 2299 376 2364 civilis
402 2297 659 2384 descriptionem
684 2296 845 2362 conticere
868 2320 967 2384 quam
993 2293 1172 2363 subsistere
1195 2297 1229 2359 in
1255 2319 1319 2360 usu

164 2402 328 2469 maiorum
348 2402 533 2466 inveterato
554 2391 744 2486 malebat.³)
774 2399 892 2486 Itaque
910 2398 983 2485 lege
1003 2398 1148 2464 Aebutia
1168 2397 1317 2464 sublatae

166 2513 245 2569 sunt
260 2502 342 2589 legis
358 2504 522 2568 actiones:
540 2525 605 2589 qua
619 2500 692 2588 legs
704 2499 773 2567 lata
788 2507 929 2568 ‘omnem
944 2500 1036 2569 illam
1047 2499 1119 2564 XII
1130 2499 1318 2566 tabularum

165 2607 397 2694 antiquitatem
411 2605 477 2694 nisi
488 2606 524 2668 in
538 2605 620 2690 legis
633 2602 816 2670 actionibus
828 2603 1114 2690 centumviralium
1126 2623 1318 2667 caussarum
1364 2654 1367 2658 .
1398 2595 1400 2599 ’

165 2709 374 2795 consopitam
385 2715 467 2772 esse’
479 2707 602 2793 gaudet
613 2705 854 2773 iureconsultus
867 2705 955 2792 apud
967 2703 1113 2771 Gellium
1123 2704 1165 2769 N.
1178 2703 1219 2769 A.
1234 2703 1319 2768 XVI
1384 2712 1387 2719 '

168 2813 220 2893 10,
237 2811 302 2894 8.⁴)
333 2809 418 2875 Tum
440 2808 504 2874 alia
525 2807 629 2875 multa
644 2807 772 2893 exlege
787 2808 943 2873 cumiam
960 2807 1067 2872 minus
1084 2805 1320 2891 responderent
1388 2879 1396 2891 ι

166 2911 302 2979 mutatis
319 2911 476 2998 temporis
491 2911 693 2994 rationibus,
708 2909 894 2976 necessario
911 2909 964 2975 vel
981 2909 1163 2974 deserenda
1179 2905 1232 2973 vel
1248 2927 1317 2972 cor·

165 3014 306 3102 riganda
320 3013 467 3079 luerunt:
483 3022 521 3078 ut
536 3013 680 3079 reductis
696 3035 735 3078 ea
749 3021 857 3077 aetate
873 3011 1004 3076 assibus
1017 3003 1227 3096 pecuniariae
1241 3031 1317 3096 poe·

166 3140 231 3185 nae
249 3115 378 3181 iniuriis
401 3125 544 3181 statutae
566 3114 635 3180 fere
655 3117 771 3180 inanes
797 3107 837 3178 11
856 3112 1017 3178 ridiculae
1045 3112 1194 3177 redditae
1222 3118 1313 3174 sunt:

171 3241 237 3308 que
258 3217 299 3284 de
320 3222 454 3283 renota
475 3226 550 3282 sunt
571 3240 655 3305 quae
682 3215 723 3281 de
744 3215 781 3282 L.
805 3213 942 3280 Veratio
963 3215 1128 3282 Antistius
1149 3207 1262 3277 Labeo
1284 3212 1319 3274 in

166 3322 262 3389 libris
284 3320 328 3386 ad
348 3320 419 3385 XII
441 3319 571 3386 tabulas
594 3318 790 3405 conscriptis
815 3317 918 3383 refert
944 3314 1145 3404 transcripta
1170 3335 1190 3378 a
1210 3311 1318 3380 Gellio

169 3423 238 3488 XX
256 3425 285 3506 1,
304 3425 342 3490 13
359 3425 442 3510 sq.⁵)
475 3422 549 3504 Quo
564 3422 688 3488 factum
704 3431 766 3503 est,
781 3431 819 3487 ut
833 3419 1035 3507 pedetentim
1050 3416 1115 3482 alia
1130 3438 1168 3482 11
1182 3438 1269 3482 nova
1283 3415 1319 3480 in

172 3581 375 3592 --—-—-----

238 3682 257 3746 1)
278 3681 378 3734 Cicero
396 3681 431 3732 de
450 3681 504 3745 leg.
524 3681 553 3731 ΙΙ
572 3684 613 3743 23,
632 3681 675 3730 59.
967 3683 984 3714 ⁸

236 3769 259 3830 ²)
280 3769 317 3820 cf.
335 3768 413 3818 Fest.
432 3784 458 3833 p.
477 3769 535 3818 321.
555 3783 579 3832 p.
598 3769 658 3819 310.

149 3841 153 3848 ’
235 3839 258 3917 ¹³l
279 3854 316 3906 cl.
335 3853 519 3904 Mommsenus
537 3852 572 3900 H.
592 3852 624 3901 R.
644 3851 672 3901 II
690 3867 717 3916 p.
734 3849 785 3899 419
804 3837 846 3898 ed.
864 3849 888 3899 2.

237 3938 258 4006 ⁴)
279 3940 317 3990 cf.
337 3938 424 3990 Gaius
442 3937 510 3988 Inst.
523 3937 561 3987 IV
580 3939 613 3988 30
630 3950 672 4000 sq.
692 3921 770 3986 cuius
790 3947 928 3985 consensu
946 3935 1020 3982 certo
1040 3929 1163 3981 efficitur
1181 3929 1269 3981 oleum
1289 3933 1317 3978 et

172 4041 284 4092 operam
303 4023 456 4090 perdidisse
476 4023 523 4088 qui
541 4022 627 4072 talem
646 4021 702 4073 vim
721 4035 775 4071 non
795 4033 855 4069 esse
875 4020 904 4068 et
914 4017 986 4082 legis
999 4016 1136 4066 Aebutiae
1156 4021 1184 4064 et
1198 4014 1319 4065 Gallieni

171 4110 323 4162 testimonii
340 4107 435 4158 multis
452 4106 546 4159 verbis
565 4106 705 4158 contendit
721 4105 762 4158 Io.
775 4104 836 4156 Nic.
849 4103 989 4152 Funccius
1007 4101 1041 4151 de
1060 4101 1122 4166 lege
1141 4099 1261 4150 Aebutia
1279 4100 1318 4148 le-

171 4211 233 4261 gum
252 4195 305 4245 XII
323 4194 428 4262 tabulis
452 4209 508 4244 non
525 4193 686 4258 derogante.
714 4187 925 4240 Rintelii1744.
948 4189 974 4236 4.
1010 4186 1069 4238 Cet.
1087 4183 1142 4236 vid.
1160 4182 1319 4234 Rudorlfius

171 4279 200 4328 in
218 4280 290 4330 Hist.
311 4280 361 4330 iur.
380 4295 446 4332 rom.
465 4282 479 4331 I
497 4293 523 4344 p.
543 4280 600 4328 104.
621 4277 677 4327 106.

244 4363 265 4431 5)
285 4363 393 4416 Abusus
412 4368 454 4415 est
471 4364 525 4415 bac
543 4360 754 4416 narratiuncula
771 4359 933 4412 Huschkius
950 4357 979 4406 in
998 4359 1070 4413 libro
1089 4353 1197 4405 ‘Gaius'
1216 4372 1243 4421 p.
1264 4355 1321 4418 121,
