3282 4992
290 276 333 343 50
714 291 826 341 csrvu
849 290 1014 340 ruurrvu.

290 447 375 533 perti
391 469 502 512 sumus
521 447 576 529 (cf.
592 470 624 534 p.
635 446 700 533 15),
717 447 769 511 hic
784 468 911 533 quoque
924 446 1070 513 dicemus
1081 447 1287 514 usitatiorem
1303 449 1438 514 locutio·

290 573 364 614 nem
385 588 427 598 -
447 548 493 614 cf.
515 547 642 616 Plinius
665 548 787 613 XVIII
810 549 846 630 8,
862 549 903 612 41
925 547 965 613 de
989 547 1025 612 O.
1042 549 1142 614 Furio
1159 548 1344 618 Chresimo:
1368 559 1439 618 ‘ceu

287 655 397 730 fruces
412 659 529 716 alienas
538 657 696 730 pelliceret
709 657 875 728 veneficiis'
891 688 933 698 -—
947 650 1065 715 rariori
1080 650 1303 717 substituisse.
1336 653 1440 720 Nihili

292 762 403 818 autem
429 764 480 819 est
505 752 593 840 quod
618 753 806 818 Dirksonns
833 775 865 839 p.
881 752 943 818 541
966 775 1014 840 sq.
1043 757 1179 831 ‘fraqam
1205 761 1378 820 illecebrus'
1404 759 1438 821 in
1498 773 1499 778 ’

233 917 235 921 .
290 856 411 942 Apulei
427 855 525 942 Apol.
540 855 602 920 481
620 864 653 920 et
667 859 913 936 ‘sructusnlr'em'
926 860 956 918 iu
972 861 1050 918 alins
1066 864 1165 920 terras
1186 857 1353 934 'transferri
1362 879 1439 937 per-
1502 918 1509 925 .

289 963 438 1022 tibcutur'
454 957 543 1044 apud
558 957 781 1042 Augustinum
803 957 845 1022 de
861 955 897 1020 C.
913 956 956 1021 D.
974 957 1059 1022 VIII
1077 958 1116 1022 19
1135 959 1269 1044 propius
1286 961 1403 1048 abesse
1419 985 1438 1025 a

180 1113 195 1141 ,
289 1059 477 1146 pelliciendi
497 1059 599 1126 verbo
620 1082 717 1146 quam
739 1061 780 1125 ab
802 1057 1002 1156 excantandi
1018 1059 1162 1124 iudicat:
1188 1061 1277 1147 quod
1292 1085 1332 1126 ne
1349 1062 1438 1126 cadit

295 1161 427 1247 quidem
449 1162 484 1224 iu
506 1162 743 1246 Augustinum,
765 1163 807 1225 ad
829 1182 969 1254 versum·
983 1160 1214 1246 Vergilianum·
1228 1171 1338 1242 “utque
1357 1175 1440 1227 sutus

290 1271 351 1326 alio
366 1269 428 1328 or'de'
448 1269 609 1328 traducere
628 1271 745 1327 messis’
764 1263 848 1346 (Ecl.
864 1262 952 1327 VIII
968 1261 1024 1345 993
1041 1263 1084 1327 of.
1099 1263 1288 1329 Marcianus
1303 1265 1439 1352 ‘Capella

274 1356 343 1430 'IX
360 1369 379 1446 ξ]
396 1365 472 1452 928)
488 1365 592 1431 verba
607 1387 667 1430 sua
683 1365 960 1432 accomodantem.

375 1468 463 1534 Hinc
477 1476 586 1536 autem
607 1491 649 1535 ne
663 1467 747 1532 illud
767 1467 898 1552 quidem
919 1467 1006 1552 quod
1027 1466 1097 1551 sola
1112 1469 1218 1534 Servii
1240 1473 1436 1539 auctoritate

234 1627 247 1656 ·,
289 1570 407 1635 nititur
422 1571 644 1654 fragmentum
661 1575 821 1634 ‘Patronus
836 1577 863 1633 εἰ
872 1576 973 1634 olr'cntr'
984 1574 1130 1646 frondem
1142 1575 1355 1647 secerdcncer
1365 1585 1436 1638 esto’

290 1672 390 1760 (VIII
405 1673 460 1758 21)
476 1673 571 1738 omni
591 1672 772 1758 suspitione
792 1681 898 1737 vacat.
937 1670 1038 1736 Cuius
1060 1673 1095 1735 in
1116 1671 1188 1758 lege
1208 1673 1317 1739 locum
1336 1676 1440 1741 fuisse

280 1773 518 1858 .Goetrlingius
536 1775 673 1858 negavit
687 1769 791 1859 (Hist.
808 1773 948 1860 reipubl.
965 1773 1004 1836 R.
1021 1775 1135 1862 puro)
1151 1786 1334 1862 propterea,
1351 1765 1439 1864 quod

292 1874 500 1960 legislatione
516 1874 729 1940 decemvirali
740 1874 874 1940 clientes
888 1897 999 1940 ornnes
1014 1877 1159 1941 tribuum
1170 1879 1347 1965 participes
1361 1881 1440 1944 facti

262 2009 266 2012 ·
291 1985 401 2040 essent
417 1977 473 2062 (cf.
490 1998 522 2061 p.
542 1977 612 2040 130.
635 1975 836 2042 Niebuhrius
852 1977 896 2042 H.
912 1977 952 2041 R.
969 1977 1003 2040 Il
1018 1978 1111 2062 360):
1134 2000 1199 2072 qua
1218 1982 1252 2043 in
1273 2004 1308 2045 re
1327 1981 1439 2045 imme-

292 2080 356 2144 rito
372 2079 520 2144 abutitur
534 2087 710 2164 praecepto
720 2078 798 2144 ‚XII
815 2077 855 2142 de
871 2079 1043 2144 senatibus
1060 2088 1092 2144 et
1107 2080 1221 2144 forctis
1239 2080 1270 2166 (Ι
1284 2083 1330 2166 5).
1363 2081 1441 2148 Fuit

294 2202 372 2245 sane
388 2180 490 2246 multo
507 2181 670 2246 vetustior
685 2179 765 2266 legis
782 2181 877 2244 huius
895 2179 935 2244 de
951 2183 1082 2265 patroni
1097 2181 1215 2247 fraude
1230 2186 1339 2270 origo,
1357 2207 1440 2271 quae

291 2284 356 2348 iam
372 2282 416 2348 ad
434 2281 609 2349 Romulum
624 2282 767 2346 refertur
783 2305 802 2346 a
817 2282 916 2346 Dion.
930 2281 1008 2346 Hal.
1020 2282 1055 2346 II
1070 2283 1119 2346 10.
1135 2282 1223 2350 Plut.
1239 2285 1334 2350 Rom.
1347 2307 1374 2350 c.
1385 2288 1439 2352 13:

292 2395 392 2471 atque
408 2407 450 2448 ex
465 2383 516 2452 his
533 2385 665 2471 quidem
682 2385 889 2465 auctoribuS,
915 2405 981 2448 non
1000 2387 1149 2469 profecto
1171 2410 1214 2451 ex
1236 2387 1359 2452 codicis
1375 2411 1439 2453 me-

294 2487 399 2551 moria
420 2485 549 2550 Merula
569 2485 610 2550 de
632 2486 695 2570 leg.
711 2507 792 2549 rom.
810 2487 830 2548 2
851 2485 1070 2574 deprompsit,
1092 2488 1179 2574 quod
1200 2489 1234 2554 in
1254 2512 1313 2554 suo
1332 2489 1439 2555 Servii

293 2587 474 2675 exemplari
490 2597 666 2654 testantem
683 2588 783 2653 miror
798 2587 897 2660 fidem
912 2588 1080 2654 invenisse
1092 2589 1439 2678 apudGoettlingium,

292 2690 478 2755 Beckerum
496 2690 623 2776 (Antiq.
640 2712 721 2754 rom.
739 2690 774 2754 II
792 2692 820 2772 1,
841 2689 925 2776 162),
942 2689 1184 2776 Schweglerum
1200 2693 1216 2756 I
1232 2716 1263 2778 p.
1282 2693 1345 2756 640
1360 2717 1391 2757 n.
1411 2695 1439 2757 1.

293 2791 346 2856 III
362 2792 450 2878 p.·17
466 2815 499 2855 n.
513 2791 534 2856 2
550 2790 649 2873 alios,
668 2799 724 2854 ‘ex
738 2799 803 2869 lere
817 2795 966 2856 Romuli
978 2803 1013 2856 et
1027 2794 1088 2876 (vel
1109 2791 1201 2858 malit
1217 2793 1357 2878 Goettl.)
1375 2799 1443 2860 XII

293 2899 462 2958 tubulorum
482 2898 537 2956 Iroo
552 2899 630 2956 vend
649 2900 679 2958 r'rt
694 2899 803 2972 quibus
818 2900 861 2958 sr'c
881 2901 1025 2974 scrrptum
1040 2907 1084 2960 est
1103 2900 1158 2959 “si
1175 2907 1322 2976 patronus
1342 2892 1453 2960 clienti

291 2999 436 3072 fraudem
454 2999 577 3072 sauir,
597 3016 685 3059 sacer
705 3002 806 3060 est0.''
847 2995 923 3072 Nec
942 2996 1110 3062 sufficiunt
1136 2996 1179 3061 ad
1204 2999 1439 3064 restituendam

295 3120 393 3184 quam
410 3096 635 3182 Schweglerus
657 3120 786 3185 quoque
807 3096 943 3183 derogat
960 3098 1074 3164 Servio
1096 3099 1195 3165 fidem
1217 3122 1300 3187 quae
1315 3101 1441 3166 Becke-

293 3222 349 3264 rus
366 3199 553 3287 opposuitl.
572 3223 599 3264 c.
997 3206 999 3209 ”
1073 3224 1075 3228 ·
1240 3264 1242 3269 .

379 3303 452 3368 Iam
472 3300 515 3367 ad
536 3325 574 3368 ea
595 3303 717 3369 accedo
738 3326 820 3390 quae
840 3305 1058 3383 recentiorum
1078 3304 1198 3369 iniuria
1223 3305 1288 3388 lagi
1316 3305 1441 3371 tributa

294 3415 381 3470 sunt.
396 3444 439 3454 —-
454 3405 563 3490 Atque
579 3427 599 3468 a
614 3404 781 3470 Ciceronis
797 3405 883 3472 fictis
905 3405 1033 3489 legibus
1056 3407 1134 3491 quin
1156 3404 1252 3493 plane
1275 3407 1440 3472 abstinen-

295 3508 374 3571 dum
390 3508 448 3586 sit,
469 3507 535 3568 iam
556 3527 652 3571 nemo
674 3507 818 3573 dubitat:
844 3531 926 3593 quae
948 3529 988 3572 ne
1010 3517 1080 3572 tum
1101 3506 1233 3594 quidem
1254 3509 1313 3572 ubi
1334 3517 1442 3574 trans·

294 3610 376 3673 latas
393 3630 464 3675 esse
481 3607 522 3674 de
537 3608 608 3673 XII
623 3609 694 3694 ipse
710 3607 825 3676 Cicero
841 3610 985 3675 affirmat
1000 3649 1041 3656 —
1057 3609 1133 3674 del.
1149 3610 1203 3674 ΙΙΙ
1217 3612 1254 3691 4,
1274 3611 1311 3674 11
1328 3613 1442 3675 ‘Prior'-

294 3717 373 3788 ἱερέα
394 3731 431 3776 uc
451 3717 626 3789 inrepente:
647 3717 684 3775 dc
705 3719 804 3791 capite
823 3720 896 3776 cr'ur's
917 3719 976 3776 πέει·
997 3735 1055 3792 per
1075 3718 1239 3777 monimum
1262 3719 1442 3778 comitiatum

295 3820 424 3892 ollasque
438 3833 510 3892 quos
529 3829 665 3878 censores
685 3822 716 3878 r'rr
735 3821 872 3894 portibus
888 3821 1162 3894 propellandam,
1185 3837 1222 3880 ae
1239 3818 1382 3891 feroneo'
1398 3817 1440 3880 cf.

297 3914 348 3998 19,
363 3915 406 3978 44
420 3953 463 3962 —-
483 3937 596 4001 presse
618 3915 713 3980 reddi
733 3915 974 3982 existimandae
990 3927 1081 3982 sunt:
1104 3926 1141 3982 ut
1160 3916 1298 3980 nimium
1320 3941 1361 3982 ox
1381 3917 1443 3982 hae

296 4017 378 4100 legis
408 4016 516 4083 forma
551 4017 776 4084 concludendo
814 4019 959 4086 effecerit
989 4017 1213 4103 Schweglerus
1244 4019 1288 4082 H.
1320 4019 1359 4082 R.
1390 4021 1442 4084 III

294 4141 326 4204 p.
342 4118 385 4182 40
399 4141 447 4206 sq.

381 4222 491 4288 Etiam
507 4225 644 4308 regiae
660 4247 744 4310 quae
759 4224 908 4290 feruntur
929 4223 1018 4309 leges
1034 4223 1187 4290 continuo
1211 4247 1230 4286 a
1246 4224 1315 4289 XII
1337 4249 1442 4311 segre-

296 4324 366 4406 gari
388 4323 524 4409 debent,
549 4327 699 4413 quamvis
726 4328 760 4390 in
782 4327 979 4414 quibusdam
1005 4329 1089 4392 mira
1109 4325 1292 4390 intercedat
1316 4330 1442 4416 conspi-

1420 4668 1440 4700 Ι·
