3282 4992
278 325 319 389 38
364 339 440 387 cnr.
464 340 500 387 11.
535 339 583 386 nn
607 339 806 392 vnrnmnvs
826 340 876 386 xn
901 340 1113 388 rnnvnrnvn
1136 337 1424 392 larnarnarrnvs.

279 516 354 562 eum
375 490 518 578 appellet
537 491 924 576 ‘litteratissimum'
941 492 1052 558 etalio
1075 493 1147 560 loco
1165 493 1374 581 (Brutti)
1392 504 1425 560 et

278 597 386 683 ipsum
411 604 443 659 et
464 593 637 658 Decimum
658 594 794 660 fratrem
816 617 881 669 non
904 603 971 658 tam
993 595 1028 658 in
1054 594 1197 670 dicendov
1213 595 1424 661 admirabiles

279 719 377 784 quarn
400 697 512 760 doctos
534 705 566 760 et
589 695 726 760 Graecis
747 695 865 761 litteris
888 707 921 762 et
935 697 1076 761 Latinis.
1112 697 1155 761 cf.
1173 697 1211 762 O.
1230 699 1364 764 Iahnius
1381 701 1424 764 ad

245 843 247 848 ν
279 799 312 862 h.
327 797 349 862 l.
380 796 476 862 Alius
492 797 693 883 inpromptu
709 808 758 863 est
772 796 972 863 L.Valerius
989 797 1089 863 IOtus
1102 797 1268 864 Ciceronis
1284 799 1424 864 familia-

278 897 323 964 ris
341 897 398 983 (ad
414 898 493 962 fam.
509 898 564 962 III
582 900 597 961 1
619 899 737 984 extr),
753 898 797 964 ad
813 923 908 986 quem
930 901 1009 966 data
1023 910 1074 966 est
1095 901 1237 987 epistula
1257 901 1335 966 libri
1348 902 1366 965 I
1381 901 1424 978 ad

277 1001 356 1078 fam.
384 999 499 1064 ultima
524 1001 606 1067 satis
632 1000 690 1065 illa
714 1001 833 1078 festive
861 1005 994 1090 scripta·
1007 1041 1049 1054 -
1071 1003 1188 1091 quibus
1209 1012 1320 1068 tamen
1345 1003 1424 1068 loeis

279 1103 460 1189 significari
479 1101 612 1167 videtur
634 1099 750 1189 parum
774 1126 848 1177 eum
870 1105 1056 1190 profecisse.
1070 1105 1104 1168 in
1124 1105 1204 1168 iuris
1227 1105 1347 1190 peritia
1366 1128 1422 1170 -ε

278 1207 370 1272 cuius
387 1204 477 1291 quod
492 1226 552 1289 per
566 1205 674 1270 iocum
690 1227 740 1291 ep.
755 1205 824 1270 VII
841 1209 880 1270 11
897 1193 971 1270 curn
981 1193 1115 1272 Laberii
1130 1205 1277 1291 iungitur
1291 1207 1424 1288 mentio,

278 1317 425 1388 nonest,
446 1329 505 1372 cur
525 1304 603 1370 inde
619 1329 693 1371 eum
708 1306 761 1372 vel
777 1307 1003 1375 Atellanarum
1024 1307 1077 1373 vel
1098 1308 1270 1372 mimorum
1291 1309 1424 1394 scripto·
1491 1351 1492 1356 κ

188 1493 193 1497 ,
278 1433 347 1476 rem
372 1410 477 1474 fuisse
500 1417 626 1473 statuas
657 1431 729 1473 curn
755 1409 940 1475 Ribbeckio
967 1410 1057 1476 Com.
1085 1409 1142 1475 lat.
1168 1433 1201 1495 p.
1229 1410 1291 1474 257
1318 1433 1367 1497 sq.
1393 1419 1426 1474 et

280 1511 416 1577 Hertzio
432 1511 475 1576 ad
491 1510 594 1575 Prisc.
612 1509 629 1574 I
643 1534 676 1597 p.
692 1511 765 1576 200.
774 1511 800 1597 2)
831 1511 925 1576 Haec
944 1511 1047 1596 igitur
1068 1511 1245 1576 difficultas
1267 1513 1302 1576 in
1316 1511 1425 1577 medio

279 1612 496 1699 relinquenda
511 1615 582 1678 erit.
607 1599 609 1603 ¹
1115 1647 1119 1656 ·
1222 1651 1226 1659 ‹

364 1714 436 1784 lam
451 1736 529 1779 vero
545 1714 654 1779 missis
670 1717 734 1797 eiS,
757 1737 837 1802 quos
860 1715 1075 1782 confidentius
1099 1716 1297 1802 quemfecit
1317 1715 1425 1780 exclu-

280 1816 358 1914 dere
373 1825 502 1903 poterat
517 1816 734 1902 Suringarus,
750 1817 796 1881 M.
810 1817 935 1888 catone
942 1866 951 1899 ,
968 1818 1010 1882 A.
1023 1817 1139 1900 Ofilio,
1156 1818 1253 1884 Ateio
1266 1819 1426 1904 Capitone

279 1957 321 1966 ——
336 1927 424 1984 certe
446 1917 560 1983 eodem
580 1919 649 1983 iure
671 1919 770 1984 etiam
785 1918 988 2003 Varronem,
1009 1920 1173 2001 Cincium,
1197 1920 1345 1985 Sinnium
1366 1920 1426 1985 Ca-

280 2021 441 2108 pitonem,
457 2020 611 2085 Verrium
625 2021 797 2104 Flaccum,
823 2023 879 2108 qui
898 2020 951 2087 hie
971 2021 1039 2088 illio
1061 2021 1144 2108 legis
1160 2022 1375 2087 meminerunt
1387 2022 1426 2108 ³),

279 2124 314 2190 in
329 2122 543 2209 interpretum
562 2145 735 2188 numerum
750 2122 874 2188 referas
894 2134 937 2174 -4
956 2132 1032 2211 post
1051 2123 1185 2208 longum
1206 2125 1360 2210 temporis
1379 2125 1445 2220 ing

193 2249 196 2256 ’
279 2223 456 2292 tervallum
471 2225 583 2289 statim
599 2225 641 2290 ad
658 2226 800 2291 Gaium
817 2226 1008 2294 devehimur
1023 2225 1194 2291 Hadriano
1210 2235 1244 2291 et
1258 2227 1426 2293 Antonino

280 2335 439 2412 regnante
454 2327 603 2392 ultimum
618 2327 701 2411 legis
717 2337 1016 2394 commentatorem.
1044 2328 1078 2393 Is
1095 2339 1279 2417 autemwpro
1296 2327 1428 2394 diversa

280 2452 360 2494 suae
375 2429 493 2493 aetatis
508 2419 618 2494 indole
629 2429 722 2494 viam
738 2431 780 2495 ab
795 2430 868 2494 istis
880 2432 1102 2523 grammaticis
1115 2430 1274 2495 munitam
1285 2430 1429 2495 deseruit
1536 2493 1539 2498 ,

282 2569 320 2580 -
336 2530 371 2595 id
387 2529 476 2615 quod
491 2540 536 2595 ex*
547 2541 641 2616 parte
655 2530 722 2595 iam
738 2532 903 2596 Antistius
918 2533 1030 2598 Labeo
1047 2532 1182 2598 fecit-
1198 2543 1296 2620 atque
1317 2555 1427 2620 quam-

280 2654 380 2720 quam
396 2632 437 2698 ab
453 2632 534 2718 ipsis
550 2632 642 2697 urbis
658 2633 760 2698 initiis
778 2656 928 2719 egressus
945 2643 995 2700 est
1006 2634 1044 2720 ¹¹),
1061 2645 1171 2700 tamen
1186 2635 1220 2698 in
1234 2613 1427 2722 interpretii·
1499 2664 1503 2671 .

281 2737 368 2800 tione
384 2745 489 2800 certos
513 2733 707 2820 disciplinae
728 2758 807 2800 suae
828 2737 909 2801 fines
931 2761 998 2803 non
1018 2738 1175 2803 excessit:
1199 2726 1340 2825 quinon
1362 2744 1428 2800 tam

281 2837 386 2922 legem
402 2834 531 2920 exlege
547 2835 712 2923 explicare
734 2839 878 2924 suscepit
899 2861 996 2924 quam
1019 2861 1058 2904 ea
1073 2841 1168 2927 quasi
1183 2837 1332 2905 vehiculo
1348 2861 1427 2904 usus

282 2948 332 3003 est
348 2937 391 3002 ad
405 2936 595 3004 interiorem
615 2939 696 3004 iuris
717 2938 917 3023 doctrinam,
940 2940 1044 3027 qualis
1066 2951 1214 3028 tempore
1232 2938 1429 3027 procedente

283 3215 350 3266 quor
369 3215 449 3265 quam
474 3198 586 3264 quinam
610 3199 775 3265 probaturus
799 3200 835 3249 sit
857 3195 967 3250 versum
986 3200 1011 3248 X
1029 3202 1062 3250 70
1085 3215 1118 3249 ex
1136 3198 1244 3250 Valerii
1266 3199 1360 3249 satiris
1382 3200 1428 3249 de-

282 3290 419 3352 sumptum
438 3289 507 3334 esse.
533 3284 591 3334 Nec
605 3284 675 3336 satis
694 3289 758 3350 apte
777 3285 827 3334 sub
839 3283 985 3350 ‘Vallegii’
1003 3297 1131 3349 persona,
1146 3285 1222 3336 cuius
1241 3299 1276 3336 ex
1294 3285 1429 3336 ‘actione’

282 3384 380 3420 versus
399 3370 433 3418 de
451 3369 584 3420 Terentio
603 3371 741 3420 notissimi
763 3371 792 3419 in
810 3369 914 3420 Donati
931 3369 1122 3422 additamento
1147 3369 1182 3420 ad
1199 3370 1287 3438 vitam
1304 3369 1430 3420 Terentii

284 3453 484 3504 Suetonianam
503 3455 626 3504 citantur
645 3454 808 3506 ‘Valerium’
829 3469 943 3520 eumque
963 3454 1096 3506 Soranum
1114 3454 1223 3506 Keilius
1247 3455 1384 3520 quaesivit
1401 3456 1430 3505 in

285 3537 434 3603 Ephemcr.
459 3536 515 3589 litt.
534 3538 601 3590 Hal.
621 3540 686 3590 1849
709 3556 735 3605 p.
754 3541 819 3590 470:
843 3555 895 3604 quo
917 3540 951 3589 de
976 3540 1012 3594 cf.
1031 3539 1200 3591 Ritschelius
1222 3541 1250 3589 in
1275 3556 1369 3593 comm.
1395 3540 1430 3590 ad
1497 3553 1501 3560 ’

283 3625 335 3676 vit.
349 3623 461 3673 Terent.
474 3613 558 3688 podo
571 3623 611 3674 ed.
625 3623 707 3675 Reiff.
731 3623 836 3676 Valerii
849 3625 946 3676 Sorani
958 3624 1043 3677 libros
1056 3622 1221 3678 ἐποπτίδων
1232 3625 1340 3676 Plinius
1354 3625 1431 3676 novit

283 3709 316 3760 N.
335 3709 371 3760 H.
391 3708 480 3773 praef.
501 3713 583 3762 exta:
604 3725 639 3760 ex
658 3709 755 3774 quibus
773 3709 866 3760 hausti
884 3711 1012 3762 videntur
1028 3727 1124 3762 versus
1147 3711 1181 3762 de
1199 3713 1265 3764 Iove
1285 3711 1358 3777 apud
1375 3711 1429 3761 Au·

284 3792 425 3860 gnstinum
444 3792 474 3846 C.
495 3794 530 3846 D.
552 3795 604 3846 VII
621 3797 637 3845 9
657 3793 697 3858 (et
714 3795 851 3862 Mythogr.
870 3798 936 3848 Vat.
955 3813 981 3862 p.
1003 3797 1051 3848 152
1069 3796 1156 3861 Bode)
1174 3799 1288 3848 servati.

350 3877 372 3944 2)
391 3879 484 3930 Verba
504 3881 583 3932 ‘mira
601 3882 665 3930 enim
680 3895 795 3941 persona
813 3883 899 3932 induci
917 3889 1006 3947 potest
1024 3883 1172 3934 Britannici
1190 3883 1263 3934 Icti’
1283 3882 1318 3932 ad
1341 3880 1430 3932 lusum

283 3966 357 4015 inter
376 3963 528 4016 familiares
553 3965 711 4017 faciendum
734 3981 822 4032 aeque
847 3967 918 4017 bene
943 3971 1071 4034 spectare
1094 3973 1219 4035 possunt.
1255 3969 1298 4019 De
1317 3966 1430 4018 Valerio

285 4049 425 4101 Catullo
444 4055 527 4116 poeta
545 4051 617 4102 male
635 4051 706 4102 haee
725 4057 894 4117 aeceperunt
913 4056 940 4103 et
958 4053 1008 4102 alii
1027 4058 1055 4104 et
1072 4055 1094 4106 Ι.
1116 4054 1146 4104 G.
1168 4052 1327 4104 Huschkius
1346 4052 1380 4103 de
1399 4051 1429 4101 O.

283 4135 372 4186 Annio
391 4135 502 4187 Cimbro
521 4151 547 4202 p.
567 4138 599 4186 27
618 4152 645 4190 n.

353 4221 373 4284 ³)
394 4224 430 4274 ci.
449 4223 550 4272 Festus
570 4239 594 4287 p.
615 4224 663 4273 158
682 4223 816 4287 illurrata,
836 4239 862 4288 p.
884 4225 932 4274 162
950 4241 1016 4290 nec,
1035 4241 1062 4291 p.
1082 4224 1131 4276 173
1149 4228 1323 4291 nuncupata,
1342 4241 1368 4289 p.
1381 4226 1430 4276 321

284 4309 412 4367 sanates,
431 4323 457 4372 p.
476 4309 526 4358 363
543 4307 666 4360 talionis.

351 4387 373 4454 4)
393 4390 430 4444 ci.
446 4393 585 4460 praefatio
602 4393 630 4443 in
648 4393 712 4458 Dig.
733 4395 757 4456 1,
776 4398 800 4454 2,
821 4395 843 4444 1.
