3282 4970
742 260 880 309 TABVLA
903 261 938 311 H.

716 515 903 582 TABVLA
924 514 970 580 ΙΙ.

832 685 858 748 1.

361 842 465 908 Gaius
487 840 569 906 Inst.
591 839 639 904 IV
662 839 700 903 13
718 859 770 924 sq.
801 836 1023 902 ‘sacramenti
1044 838 1129 906 actio
1151 839 1313 924 generalis
1332 851 1420 906 erat:
1487 912 1491 921 ,

277 949 314 1008 de
340 942 459 1030 quibus
486 940 572 1007 enim
598 939 696 1007 rebus
728 949 766 1004 ut
798 937 894 1003 aliter
919 947 1074 1024 ageretur
1101 938 1174 1024 lege
1196 951 1329 1007 cautum
1354 963 1424 1006 non

277 1055 362 1126 erat,
385 1043 426 1110 de
452 1043 500 1110 hls
521 1051 725 1108 sacramento
746 1041 909 1126 agebatur
932 1087 939 1103 .
964 1087 999 1104 ..
1022 1091 1030 1106 .
1051 1041 1162 1106 Poena
1181 1052 1291 1109 autem
1311 1059 1422 1109 sacra-

276 1146 378 1212 menti
409 1153 467 1210 aut
497 1144 711 1233 quingenarius
742 1153 812 1208 erat
841 1150 899 1207 aut
930 1132 1218 1228 umnquagenaria.
1271 1149 1348 1210 Num
1380 1145 1423 1210 de

277 1248 375 1314 rebus
391 1246 481 1312 mille
496 1247 581 1313 aeris
597 1245 742 1333 plurisue
757 1243 944 1332 quingentis
965 1244 1115 1328 assibus,
1131 1246 1173 1310 de
1192 1247 1328 1312 minoris
1350 1267 1425 1312 uero

278 1348 517 1436 quinquaginta
548 1347 678 1414 assibus
714 1353 919 1412 sacramento
955 1346 1226 1414 contendebatur:
1263 1371 1340 1413 nam
1379 1357 1425 1414 itu

278 1450 350 1537 lege
370 1449 441 1515 XII
461 1449 649 1516 tabularum
669 1459 800 1515 cautum
821 1458 902 1513 erat.
943 1453 983 1510 At
1010 1455 1037 1512 sl
1060 1453 1097 1513 dc
1125 1454 1261 1515 libertale
1281 1449 1424 1516 hominis

278 1553 493 1618 controuersia
519 1562 606 1634 erat,
629 1552 692 1618 etsi
717 1549 975 1638 pretiosissimus
999 1548 1095 1617 homo
1123 1560 1226 1630 esset,
1251 1561 1363 1617 tamen
1387 1563 1426 1618 ut

278 1655 306 1718 L
330 1655 460 1720 assibus
489 1661 691 1719 sacramento
719 1654 968 1720 contunderetur
985 1657 1093 1718 eadem
1118 1652 1190 1740 lege
1215 1662 1348 1719 sautum
1375 1663 1428 1720 est

197 1744 200 1756 ¹
279 1756 403 1822 fauoris
421 1776 525 1833 eausa,
547 1777 584 1820 ue
598 1755 674 1820 salis
696 1755 821 1822 datione
836 1767 1046 1824 onerarentur
1066 1756 1274 1824 adsertores.'
1298 1761 1427 1836 Supple-

280 1866 321 1924 ull
340 1861 528 1938 Suutpuyr'us.
563 1859 734 1924 Husclrlcius
754 1859 802 1925 ‘ut
824 1881 862 1925 eo
875 1859 1013 1926 -facilius
1036 1866 1303 1946 compararentur
1325 1856 1411 1923 ads.’

835 2030 867 2096 2.

368 2229 402 2246 ..
424 2198 565 2248 MORBVS
589 2198 755 2248 SONTIGVS
772 2234 779 2248 .
797 2229 805 2245 .
824 2231 831 2247 .
854 2179 923 2246 AVT
946 2198 1075 2248 STATVS
1098 2198 1179 2246 DIES
1202 2198 1274 2245 CVM
1296 2197 1427 2246 HOSTE:

282 2324 324 2334 --
347 2299 432 2360 QVID
454 2301 579 2349 EORVM
601 2301 683 2350 svm
705 2300 829 2350 Vl'I'lVM
858 2301 970 2350 lVDIGl
993 2299 1195 2348 ARBITROVE
1218 2300 1353 2364 REOVE,
1382 2298 1429 2346 ΕΟ

283 2401 364 2450 ulus
387 2401 580 2452 Dlrrnusvs
602 2403 701 2452 Esne.

351 2664 376 2714 1.
396 2659 504 2712 Gellius
523 2660 556 2714 N.
568 2659 600 2711 A.
620 2660 671 2710 XX
691 2662 714 2723 1,
727 2663 765 2718 ,27
784 2659 946 2725 ‘Ceteroqui
964 2660 1088 2712 morbum
1105 2660 1431 2725 uehementiorem,'uim

285 2745 409 2810 grauiter
425 2743 544 2796 nocendi
562 2745 724 2808 habentem,
748 2745 839 2810 legum
863 2745 977 2796 istarum
997 2745 1146 2811 scriptores
1166 2744 1222 2795 alio
1241 2745 1269 2794 in
1292 2745 1353 2796 loco
1377 2761 1433 2797 non

286 2845 335 2895 per
352 2845 383 2880 se
401 2829 538 2892 morbum,
557 2828 606 2880 sed
623 2829 767 2879 morbum
786 2831 956 2880 sonticum
975 2831 1140 2896 appellant.’
1173 2831 1274 2881 Festus
1290 2846 1317 2896 p.
1330 2833 1381 2882 290
1394 2829 1431 2880 M.

287 2913 480 2965 ‘sonticum
503 2913 648 2964 morbum
670 2914 699 2962 iu
718 2914 772 2965 XII
792 2913 951 2980 significare
975 2916 1016 2965 ait
1034 2915 1129 2968 Aelius
1148 2915 1218 2967 Stilo
1242 2918 1347 2967 eertum
1370 2931 1432 2966 cum

286 3001 360 3050 iusta
382 3014 478 3059 causa,
498 3013 578 3064 quem
598 3013 652 3049 non
670 2999 741 3049 nulli
758 3003 860 3065 putant
877 3015 938 3051 esse
957 3001 1004 3066 qui
1016 3005 1132 3065 noceat,
1152 2999 1223 3066 quod
1240 3005 1334 3053 sontes
1348 3001 1431 3067 signi·

287 3084 353 3135 fleat
370 3088 521 3136 nocentes.’
547 3085 651 3151 etldp.
665 3085 716 3136 344
728 3085 765 3138 Μ.
784 3084 931 3149 ‘lSontiea)
947 3101 1032 3138 causa
1050 3085 1152 3137 dicitur
1170 3101 1187 3136 a
1205 3086 1299 3137 morbo
1313 3085 1432 3151 (sontico

287 3174 400 3235 propter
422 3185 500 3235 quem
523 3167 610 3234 (immo
631 3168 728 3236 quam)
751 3169 823 3236 quod
845 3174 889 3222 est
912 3171 1087 3238 glerendum,
1116 3185 1198 3236 agere
1224 3169 1433 3238 (desistimus).’

287 3253 366 3306 Paul.
390 3269 417 3320 p.
438 3257 485 3306 111
509 3255 546 3307 M.
569 3270 595 3309 u.
617 3257 722 3306 insons.
758 3255 849 3310 Gloss.
868 3256 957 3308 Labb.
977 3256 1103 3308 ‘morbus
1126 3256 1249 3306 sonticus
1267 3263 1294 3306 et
1310 3255 1435 3306 sonticus

291 3339 403 3391 morbus
421 3337 483 3404 ἱερὰ
501 3339 602 3392 vocor)
638 3340 789 3392 Iauolenus
808 3341 843 3392 D.
862 3343 905 3406 50,
925 3343 965 3406 16,
985 3343 1033 3394 113
1052 3341 1200 3393 ‘Morbus
1219 3340 1372 3392 sonticus
1392 3344 1436 3390 est

289 3426 337 3488 qui
356 3425 456 3488 cuique
479 3425 521 3476 rei
539 3429 641 3480 nocet.’
676 3425 711 3475 D.
731 3427 776 3489 42,
797 3428 820 3490 1,
841 3426 874 3478 60
892 3425 1033 3477 ‘sonticus
1052 3431 1145 3477 autem
1164 3423 1361 3478 existimandus
1383 3429 1433 3484 est,

290 3508 487 3574 calcatusque
509 3510 549 3560 rei
568 3509 694 3576 agendae
713 3509 910 3576 impedimento
933 3515 995 3565 est!
1030 3510 1153 3562 Thomas
1171 3509 1254 3562 Thes.
1273 3525 1335 3561 nou.
1354 3509 1434 3560 latin.

289 3611 316 3660 p.
329 3595 377 3646 est
390 3594 428 3646 Μ.
448 3596 582 3646 ‘sonticus
596 3578 711 3647 necinus
724 3595 844 3647 noxius!
889 3594 987 3648 Cicero
1001 3595 1035 3648 de
1048 3595 1119 3651 off.I
1132 3598 1180 3658 12,
1193 3597 1225 3648 37
1238 3595 1348 3647 ‘Hostis
1362 3593 1435 3646 enim

292 3749 493 3759 -υ--ιι--ι--ι-

377 3857 405 3917 2.
433 3857 456 3915 si
479 3855 543 3932 quid
568 3855 717 3912 Turnebus
737 3854 807 3913 Ado.
827 3859 871 3920 17,
893 3859 921 3913 8.
951 3854 1081 3930 Sculiper
1103 3855 1135 3913 0.
1152 3853 1301 3913 Muellero.
1379 3855 1437 3911 luat

194 3980 202 3992 ·
292 3942 368 4000 Scul.
384 3943 466 4016 prob.
478 3941 627 3998 Muellero.
683 3942 780 3998 uitium
798 3939 1089 3999 cneocaesaream
1099 3958 1124 3998 c.
1138 3945 1194 3998 4οε
1209 3936 1437 3998 cuircuibat.

292 4046 387 4085 uerum
403 4029 493 4086 Turn.
551 4025 608 4082 dies
622 4023 770 4084 Culuclus:
787 4027 904 4084 (liecurt.
959 4025 1088 4083 defensus
1104 4026 1193 4083 Turn.
1218 4023 1324 4082 diffisus
1338 4023 1435 4082 Ouiae.

292 4129 330 4170 ex
356 4115 471 4185 Ulpiani
490 4114 654 4170 testimonio.
684 4111 808 4190 ‹tilfinsus
834 4111 955 4168 Ursinus
976 4111 1110 4171 diffunsus
1132 4111 1207 4168 Scul.
1230 4114 1438 4182 exscriptore

293 4201 475 4272 quorundam
495 4197 603 4270 Dlpest.
624 4197 706 4258 codd.
729 4199 795 4255 dell.
817 4195 983 4254 ‘diffusum'
1021 4195 1079 4254 Sed
1099 4197 1152 4254 rid.
1179 4197 1210 4254 0.
1228 4195 1386 4254 Muellerus
1406 4198 1436 4256 tn

294 4283 396 4357 Suppl.
414 4285 488 4341 Anu.
501 4299 533 4356 p.
553 4285 620 4340 401.
