3282 4992
283 241 325 306 48
706 257 818 304 aaran
841 258 1005 306 'runrrvra

283 409 452 495 antiquam
467 408 572 494 legem
586 408 689 498 fuisse
703 419 851 496 praestat
872 433 914 475 cx
928 409 1102 475 Niebuhrii
1124 410 1286 476 sententia
1305 412 1428 497 fingere

283 533 380 627 quam
395 534 437 576 ex
452 510 618 575 Huschkii
633 510 673 575 de
688 511 759 576 iure
773 513 851 577 nexi
866 536 899 598 p.
917 512 978 576 120
994 533 1042 598 sq.
1064 511 1099 574 id
1116 510 1222 576 solum
1243 511 1346 578 fuisse
1363 513 1428 577 dis-

189 685 192 692 ,
284 611 429 678 criminis
445 613 533 700 quod
548 612 591 676 ad
605 607 774 730 privatam
784 612 875 678 illam
896 635 1052 701 poenam,
1075 635 1175 699 quam
1195 614 1330 699 quidem
1350 615 1429 680 effu-

283 737 360 801 gere
386 737 619 802 saepenumero
647 715 777 802 patricii
797 717 930 803 impune
953 717 1138 803 potuerint,
1167 738 1210 781 ex
1236 715 1428 802 plebeiscito

284 816 389 884 multa
404 815 556 883 aedilicia
571 817 758 882 accesserit.

367 919 568 1014 Ammiani
583 929 693 984 autem
708 919 814 984 locum
830 918 1007 984 admodum
1022 922 1123 985 miror
1144 942 1164 986 a
1177 943 1307 986 nemine
1322 890 1430 988 adhuc

284 1043 397 1086 eorum
408 1042 469 1108 qur
454 1005 530 1084 bis
546 1019 693 1108 reliquiis
709 1020 901 1106 colligendis
918 1024 1050 1108 operam
1061 1021 1232 1106 dederunt,
1246 1024 1348 1090 verbo
1364 1039 1429 1090 me-

283 1132 456 1205 moratum,
463 1122 586 1188 nedum
598 1123 808 1208 diligentius'
799 1147 834 1187 111
845 1123 1020 1188 drscnmen
1027 1134 1179 1190 vocatum
1188 1147 1269 1191 esse.
1281 1126 1314 1192 It
1300 1126 1430 1192 taenim

285 1225 341 1291 ille
357 1225 396 1290 de
409 1223 531 1289 Iuliani
547 1225 698 1290 Caesaris
714 1225 894 1291 virtutibus
918 1247 1010 1292 orsus
1028 1225 1113 1292 XVI
1128 1227 1149 1292 5
1170 1215 1318 1292 ‘Primum
1338 1233 1430 1306 ipitar

280 1332 427 1408 factaque
441 1329 568 1403 difficile
589 1335 815 1410 temperantiam
835 1335 899 1408 ipse
909 1333 969 1392 sihi
982 1334 1094 1393 indiait
1107 1343 1195 1416 atque
1209 1336 1331 1394 retinuit
1350 1343 1430 1393 tam-

284 1434 551 1508 quamadstrictas
572 1437 820 1510 sumptuariis
840 1435 985 1509 tepidas
999 1438 1111 1496 viveret
1129 1453 1205 1524 qaas
1225 1451 1265 1496 en
1284 1437 1430 1496 rhetris
1469 1510 1471 1516 Ι

158 1546 159 1550 ’
276 1536 448 1612 ¹Lycurgi
460 1541 490 1594 et
504 1531 552 1615 (id
565 1542 609 1594 est
622 1528 701 1597 libri
716 1521 882 1614 meliores,
899 1539 965 1596 item
982 1532 1295 1616 (bononiensibus
1311 1537 1430 1612 (Seto-

284 1640 355 1712 nis)
372 1639 522 1698 Romam
538 1641 752 1698 translatas
767 1640 877 1712 diuque
891 1639 1068 1712 observatas,
1084 1646 1113 1698 et
1128 1635 1163 1720 (l.
1174 1635 1231 1719 set)
1247 1648 1430 1701 senescentes

242 1781 245 1784 -
281 1743 428 1818 paulatim
443 1743 598 1816 repararit
612 1741 696 1816 Spita
711 1743 857 1833 dictator:
876 1749 1022 1816 reputans
1036 1759 1076 1802 ea
1085 1743 1431 1826 praedictisliemocriti

283 1844 363 1915 quod
376 1843 558 1902 ambitiosam
573 1859 702 1902 mensam
715 1843 858 1920 fortuna,
871 1859 1000 1918 parcam
1016 1845 1108 1904 uirtus
1123 1845 1258 1920 adponit.
1289 1845 1331 1904 Id
1350 1847 1429 1904 enim

114 1991 122 1999 ,
183 1948 185 1952 ’
283 1945 373 2004 etiam
392 1943 578 2004 Tusculanus
594 1945 665 2006 Cato
677 1948 844 2022 prudenter
858 1947 1015 2024 definiens,
1037 1948 1093 2005 cai.
1102 1946 1236 2006 Censorii
1248 1963 1429 2025 ropnamen-

284 2053 344 2105 tam
358 2049 467 2108 castior
482 2049 559 2107 uitae
570 2049 684 2118 indidit
697 2052 793 2110 cattus
809 2053 938 2122 ‘maana
947 2052 968 2122 ⁹,
994 2049 1102 2122 inquit,
1123 2049 1215 2108 tcura
1230 2051 1302 2124 cidi,
1317 2065 1429 2122 mapna

284 2151 399 2208 uirtutis
414 2151 550 2210 incuria'
567 2167 595 2210 e.
612 2169 642 2233 q.
660 2169 683 2214 s.
720 2145 787 2212 Ubi
802 2145 891 2212 haud
912 2146 1050 2210 obscure
1070 2143 1159 2230 leges
1175 2145 1248 2211 XII
1263 2147 1430 2230 significat
1448 2215 1452 2224 ,

285 2247 473 2313 ‘translatas
490 2268 532 2312 ex·
546 2247 692 2334 Lycurgi
712 2247 832 2314 rhetris
853 2257 886 2311 et
908 2245 1101 2329 ambustos.
1116 2247 1246 2312 Gellius
1263 2249 1297 2314 ΙΙ
1316 2249 1355 2312 12
1369 2249 1428 2335 in)

284 2349 426 2414 Solonis'
441 2349 503 2426 hoc
516 2351 604 2414 enim
619 2351 758 2415 alterum
773 2369 892 2418 numen
903 2349 937 2414 in
948 2348 1043 2414 libris
1055 2349 1321 2438 editionibusque
1333 2351 1429 2415 omis-

285 2474 356 2516 sum
372 2449 538 2537 supplevi,
555 2473 617 2537 quo
634 2473 744 2516 carere
760 2474 820 2516 nee
839 2474 899 2538 per
919 2461 1149 2536 argumentum
1160 2451 1269 2517 'liceat
1289 2474 1351 2518 nec
1370 2474 1430 2538 per

283 2553 538 2620 concinnitatem
565 2553 738 2636 sermonis3
767 2595 807 2604 -
832 2554 957 2619 frustra
978 2563 1087 2618 autem
1108 2547 1298 2641 Lycurgum
1318 2555 1428 2641 potius

284 2653 643 2742 expellereWagnerus
659 2655 776 2722 maluit
794 2693 828 2704 -
848 2666 880 2723 et
895 2656 937 2720 cf.
950 2655 1056 2721 XXII
1074 2656 1124 2738 16,
1140 2655 1182 2721 22
1197 2661 1248 2720 ‘Et
1257 2660 1345 2722 Satan
1356 2668 1430 2721 sen-

284 2764 380 2821 tentiis
399 2761 519 2822 adiutas
544 2763 673 2838 Aepppti
695 2764 882 2823 sacerdotum
910 2766 979 2823 tatis
998 2765 1074 2823 iusto
1097 2763 1299 2824 moderamine
1318 2765 1431 2838 tepidas

283 2863 421 2922 Rornano
435 2878 549 2938 quoque
564 2866 626 2924 iuri
638 2867 801 2925 maximnm
817 2866 938 2927 addidit
949 2867 1192 2938 firmamentum?
1216 2860 1329 2927 Aurel.
1339 2861 1429 2926 Vict.

285 2963 325 3026 de
340 2962 402 3027 vir.
417 2959 462 3024 ill.
478 2961 531 3043 21,
549 2956 575 3024 1ζ
600 2963 805 3048 Augustinus
822 2963 858 3028 O.
874 2963 917 3028 D.
934 2965 970 3028 Il
987 2965 1035 3030 16.
1060 2963 1209 3030 Isidorus
1226 2961 1282 3028 Or.
1299 2963 1334 3037 V,
1349 2964 1378 3046 1,
1397 2964 1426 3026 1.

284 3063 356 3128 Iam
371 3086 413 3129 ex
429 3073 500 3130 tota
513 3063 608 3128 huius
624 3064 687 3129 loci
702 3066 830 3132 ratione
850 3065 911 3132 hoc
933 3065 1128 3131 concludere
1144 3067 1295 3132 videmur
1309 3066 1343 3128 in
1358 3063 1430 3130 XII

284 3165 405 3232 tabulis
419 3169 638 3254 sumptuarias
646 3191 779 3258 ¹quoque
792 3168 880 3253 leges
894 3168 996 3234 fuisse
1009 3168 1126 3254 quibus
1145 3190 1277 3233 mensae
1299 3166 1431 3233 luxuria

284 3278 518 3336 extenuaretur
538 3271 636 3336 certis
664 3271 785 3337 finibus
811 3271 1071 3357 circumscripta:
1095 3281 1192 3357 atque
1213 3270 1327 3336 eodem
1347 3270 1431 3336 facit

284 3371 373 3457 quod
387 3370 479 3436 Sulla
494 3367 614 3438 dicitur
628 3372 702 3437 illas
717 3395 906 3459 reparasse,
929 3395 1026 3458 quem
1042 3373 1194 3438 novimus
1215 3372 1287 3459 lege
1301 3374 1430 3439 cavisse

285 3482 335 3538 ‘ut
347 3480 495 3538 Kalendis
514 3478 617 3538 Idibus
637 3479 729 3538 Nonis
750 3479 909 3554 diebusque
935 3480 1073 3539 ludorum
1093 3487 1121 3540 et
1143 3480 1234 3552 seriis
1254 3481 1429 3555 quibusdam
1488 3495 1493 3512 ¹

283 3581 470 3640 sollemnibus
484 3585 630 3642 sestertios
646 3585 821 3642 tricentenos
840 3584 871 3640 in
891 3599 996 3642 cenam
1011 3585 1160 3642 insumere
1180 3586 1226 3642 ius
1243 3589 1430 3658 potestasque

284 3690 370 3754 esset,
392 3687 498 3743 ceteris
519 3691 617 3744 autem
638 3685 740 3744 dietas
760 3685 892 3744 omnibus
911 3702 969 3745 non
991 3688 1120 3762 amptius
1141 3688 1284 3746 tricenos’
1302 3679 1429 3746 Gellius

284 3781 320 3847 ΙΙ
334 3782 386 3864 24,
406 3781 455 3864 12,
472 3782 516 3847 cf.
532 3783 618 3849 Plut.
636 3782 716 3848 Sull.
732 3783 774 3869 35
789 3785 962 3865 παρέβαινε
985 3789 1020 3852 δὲ
1043 3787 1093 3850 καὶ
1115 3785 1154 3850 τὰ
1176 3785 1249 3864 περὶ
1270 3788 1328 3864 τῆ(
1343 3785 1429 3850 εὐτε·

281 3886 370 3950 λεία(
391 3889 459 3950 τῶν
482 3887 623 3952 δείπνων
646 3887 705 3951 ὑπ’
721 3889 822 3953 αὐτοῦ
844 3889 1021 3968 τεταγμένα
1043 3890 1107 3953 κτλ.
1130 3896 1163 3952 et
1178 3909 1283 3972 comp.
1298 3886 1430 3973 Lym-et

285 3987 365 4053 Sull.
383 3988 418 4071 33
441 3988 559 4074 quibus
582 4010 624 4052 ex
644 3989 723 4054 locis
739 3989 900 4055 Macrobii
921 4011 1012 4056 error
1027 3990 1238 4076 corrigendus
1255 3997 1306 4053 est
1320 3986 1374 4053 III
1390 3988 1428 4052 17

285 4234 380 4284 fenore
400 4237 533 4283 statutum
552 4233 639 4286 fuisse
660 4234 814 4298 contendit,
834 4235 948 4288 solidum
968 4234 1175 4288 tundamentum
1199 4236 1358 4287 substruere
1383 4230 1430 4284 isti

285 4320 408 4386 opInioni
426 4322 590 4396 supersedit,
871 4328 873 4334 '
