3282 4970
317 356 364 402 nn
387 353 438 402 xu
461 353 674 402 ranvuanvn
697 353 875 416 nnmovns
898 355 1186 407 consmrvnnms.
1264 343 1324 408 103

177 508 292 596 cisalp.
310 509 382 573 sim.
406 510 517 594 Atque
533 508 673 574 duorum
686 507 802 573 horum
818 531 902 595 quae
918 518 1067 574 extrema
1083 512 1179 596 posui
1197 533 1323 599 compo·

178 612 316 678 sitorum
331 621 369 675 ut
383 612 417 675 in
431 611 540 696 priore
555 611 657 676 miror
671 610 858 676 etiamnunc
879 634 951 676 esse
973 610 1091 698 quibus
1108 618 1211 678 ‘usus'
1227 635 1323 698 gene·

178 713 267 779 tivus
289 712 442 778 videatur
455 751 499 763 --
513 713 555 778 cf.
573 712 764 779 Rudorffius
788 714 830 778 ad
853 713 1000 778 Puchtae
1023 713 1104 779 Inst.
1122 713 1158 779 II
1178 717 1198 796 ξ
1213 715 1322 779 23011.
1390 789 1400 801 ἱ

177 816 281 880 -ita
306 815 340 878 in
355 813 458 879 altero
485 815 571 902 quod
596 815 669 902 ipse
684 815 873 900 genetivum
887 815 1027 902 protuli,
1055 817 1110 900 qui
1133 815 1250 882 ceteris
1274 827 1324 883 est

178 917 358 1006 ablativus,
386 917 492 1002 magis
508 916 606 980 etiarn
622 927 716 982 erunt
731 918 787 1005 qui
800 918 970 982 mirentur.
1010 919 1060 981 Ac
1080 927 1190 982 tamen
1218 918 1323 984 audeo

178 1021 287 1086 dicere
302 1041 396 1084 usus
413 1020 622 1105 cepionem
642 1019 793 1106 primitus
814 1018 917 1084 fuisse
938 1041 1022 1106 quae
1045 1017 1163 1084 deinde
1183 1019 1323 1084 auctori·

178 1131 247 1188 tate
269 1119 549 1207 iurisprudentum
571 1129 603 1185 et
625 1120 732 1187 forma
753 1133 786 1188 et
812 1123 945 1188 notione
971 1119 1139 1208 paulisper
1153 1122 1324 1185 immutata
1383 1185 1388 1190 ,

177 1225 374 1310 usucapio
389 1222 505 1288 effecta
521 1221 574 1286 sit.
596 1220 745 1310 Namque
761 1223 849 1311 quod
865 1224 953 1310 apud
964 1222 1155 1288 Ciceronem
1171 1223 1211 1288 de
1226 1221 1290 1308 leg.
1307 1225 1323 1288 I

176 1327 229 1408 21,
245 1325 287 1391 55
301 1326 500 1413 optimorum
514 1323 671 1390 librorum
692 1347 852 1391 consensu
868 1325 1019 1392 firmatur
1038 1332 1127 1388 ‘usus
1141 1331 1322 1406 captouem',

177 1428 264 1493 idem
280 1425 407 1493 Gellius
421 1425 550 1511 diserte
569 1435 710 1492 testatur
730 1426 780 1493 VI
797 1426 893 1513 (VII)
913 1427 968 1490 10:
991 1429 1046 1490 ‘Ut
1063 1431 1138 1492 daec
1159 1448 1323 1492 ususca-

170 1533 238 1628 pto
260 1537 374 1596 dicitur
402 1535 541 1609 copulato
569 1533 724 1608 uocabulo,
756 1550 775 1592 a
797 1537 896 1593 littera
923 1536 954 1594 ta
980 1550 1015 1593 ec
1040 1536 1157 1592 tractim
1178 1549 1322 1609 pronun-

177 1641 266 1715 tiata,
297 1640 339 1697 tta
364 1639 659 1712 ptquoriscapto
689 1637 788 1697 iuncte
814 1633 910 1716 [suut]
935 1644 965 1696 et
986 1636 1133 1711 producte
1158 1635 1322 1696 dicebatur.

185 1740 283 1801 Verba
300 1739 418 1799 Catonis
432 1746 522 1799 suut.
542 1784 549 1798 .
568 1783 574 1797 .
594 1756 651 1813 per
666 1738 747 1814 quod
759 1741 831 1798 satis
847 1739 957 1800 dilucet
974 1739 1055 1798 tuuc
1069 1740 1225 1814 captorem
1234 1755 1324 1814 posse

176 1843 239 1903 dici
252 1843 339 1917 quasi
352 1842 431 1900 tuuc
445 1843 612 1916 captionem
626 1847 663 1901 et
675 1843 712 1900 111
727 1857 793 1900 usu
808 1847 842 1900 et
855 1844 890 1902 tu
900 1842 1086 1917 ptauore!
1111 1837 1240 1919 Quibus
1255 1836 1323 1902 vim

176 1939 289 2006 attulit
303 1938 462 2004 Hertzius
479 1945 657 2031 ‘usucapio’
680 1939 882 2026 reponendo:
911 1939 1051 2004 alteram
1075 1940 1162 2003 enim
1182 1940 1323 2004 formam

176 2065 250 2107 cum
265 2041 372 2107 bonae
387 2049 484 2106 notae
498 2039 574 2106 libri
589 2049 621 2106 et
634 2041 670 2104 in
683 2041 898 2128 inscriptione
919 2051 952 2107 et
971 2041 1005 2105 in
1019 2040 1130 2106 verbis
1153 2041 1322 2129 scriptoris

176 2153 358 2226 testantur,
378 2152 448 2208 tum
468 2144 542 2229 ipsa
562 2144 763 2231 comparatio
778 2143 925 2234 pignoris
948 2144 1094 2230 capionis
1111 2151 1209 2230 atque
1223 2141 1323 2229 inpri-

176 2247 239 2311 mis
254 2245 358 2312 verba
373 2255 535 2327 extrema,
556 2268 640 2332 quae
661 2244 816 2311 aliterue
837 2243 997 2331 explicari
1019 2245 1152 2332 quidem
1172 2253 1322 2332 possunt,
1377 2261 1380 2267 ·

176 2346 355 2436 postulant.
396 2330 467 2412 Nec
487 2346 635 2435 profecto
656 2348 748 2412 casui
769 2347 981 2425 tribuendum
1003 2356 1069 2430 est,
1094 2347 1182 2435 quod
1207 2347 1241 2411 in
1258 2347 1324 2412 Gai
1444 2393 1447 2398 -

176 2451 260 2517 Inst.
273 2449 309 2514 II
323 2450 366 2514 60
381 2474 430 2537 sq.
447 2455 535 2513 ‘usus
545 2455 648 2529 capio’
666 2459 698 2514 et
714 2455 802 2514 ‘usus
816 2457 963 2530 receptto’
979 2451 1065 2516 inter
1081 2473 1116 2515 se
1130 2450 1322 2536 iunguntur,

176 2553 240 2618 etsi
254 2552 289 2616 in
304 2552 350 2617 eis
366 2573 450 2639 quae
465 2552 663 2618 antecedunt
678 2574 806 2638 semper
821 2561 913 2618 extat
927 2557 1104 2633 ‘usucapio’,
1120 2551 1220 2618 semel
1237 2559 1331 2640 ‘usu-p

176 2661 317 2735 receptic’
333 2659 353 2738 ξ
368 2654 421 2737 59,
437 2654 516 2718 item
532 2655 601 2720 sine
616 2655 807 2741 exceptione
822 2662 1039 2743 usucapere,
1054 2660 1130 2719 ‘usu
1144 2655 1320 2743 recipere':

176 2780 216 2823 ac
229 2755 413 2823 laudandus
430 2756 652 2842 Boeckingius
673 2757 730 2845 qui
744 2780 828 2822 unus
843 2779 909 2821 non
925 2754 1031 2822 solum
1045 2757 1206 2843 receperit
1217 2757 1323 2820 'istam

177 2860 388 2946 scripturam,
405 2858 465 2924 sed
481 2860 579 2924 etiam
594 2858 668 2923 aliis
683 2860 882 2925 testimoniis
903 2859 1082 2926 muniverit
1094 2861 1228 2944 Fragm.
1247 2855 1322 2924 Vat.

176 2962 265 3046 §12
281 2965 301 3044 ξ
319 2962 390 3025 111.
413 2961 492 3046 Dig.
507 2961 560 3042 41,
577 2961 608 3045 9,
626 2962 642 3024 1
659 2966 679 3042 ς
693 2960 714 3024 2
729 2971 791 3026 etc.
828 2968 831 2974 '

261 3063 438 3128 Praeterea
452 3084 531 3128 vero
546 3064 578 3128 ei
592 3063 684 3129 lavet
704 3073 737 3128 et
757 3063 858 3148 prisci
879 3063 1039 3128 sermonis
1061 3062 1278 3142 consuetudo,
1303 3085 1322 3126 a

175 3187 242 3255 qua
263 3164 466 3254 aliquantum
490 3165 594 3232 distat
622 3167 808 3231 coniunctio
834 3165 1063 3250 ‘usu-capio’,
1090 3172 1123 3228 et
1138 3185 1217 3250 prae
1239 3172 1322 3229 cete-

176 3269 223 3334 ris
239 3267 383 3356 oppositi
394 3265 549 3333 vocabuli
563 3267 652 3355 quod
667 3278 716 3333 est
733 3271 966 3355 ‘usurpare'
983 3266 1078 3332 ratio.
1097 3264 1323 3352 Usurpatiov

178 3371 265 3436 enim
280 3391 322 3435 ex
336 3377 448 3435 vetere
463 3391 524 3434 usu
541 3379 611 3435 erat
624 3369 834 3456 usucapionis
849 3368 1045 3454 interruptio
1062 3367 1213 3453 (Digni,
1226 3368 1257 3450 3,
1269 3367 1318 3449 2):

178 3470 451 3559 quemadmodum
466 3494 639 3558 usurpasse
655 3495 696 3536 ex
712 3471 782 3538 XII
796 3469 919 3537 tabulis
936 3468 1001 3555 (VI
1010 3469 1046 3555 4)
1062 3469 1178 3534 mulier
1193 3469 1322 3535 diceba-

179 3584 233 3640 tur
248 3597 342 3661 quae,
354 3596 395 3639 ne
409 3576 444 3639 in
459 3596 592 3639 manum
607 3575 717 3640 mariti
732 3573 933 3655 conveniret,
946 3573 1120 3659 quotannis
1132 3572 1322 3637 trinoctium

178 3677 221 3742 ab
237 3699 275 3743 eo
291 3676 422 3743 abesset
436 3699 630 3764 usumque
647 3678 740 3741 anni
754 3678 1072 3760 interrumperet
1089 3673 1321 3756 (Gaiusllll.

179 3778 305 3844 Gellius
321 3778 428 3861 1112,
447 3778 517 3866 12):
545 3779 632 3844 unde
654 3778 817 3865 quomodo
843 3777 912 3842 fere
938 3776 1123 3862 oppositam
1148 3774 1201 3841 vel
1228 3796 1322 3842 occu-

178 3879 281 3967 pandi
296 3879 349 3946 vel
364 3881 552 3967 frequenter
565 3880 681 3946 utendi
696 3879 967 3965 significationem
988 3879 1167 3966 acceperit,
1190 3876 1256 3943 Gai
1276 3875 1321 3942 lo·
1444 3905 1446 3910 ·

178 4005 235 4047 cus
248 3990 324 4068 apte
335 3981 478 4049 illustrat
489 3983 567 4068 Dig.
580 3982 632 4064 41,
644 3983 676 4066 3,
691 3982 712 4048 5
728 3985 927 4046 ‘Naturaliter
942 3987 953 4045 1·
958 3991 996 4044 ut
1001 3977 1124 4046 arrum
1128 3985 1171 4061 pt
1175 3990 1235 4044 tur
1242 3999 1322 4060 pos-

177 4091 268 4150 sessio
281 4106 348 4149 cum
363 4091 429 4165 quis
444 4089 481 4150 de
489 4091 675 4166 possessione
689 4091 719 4149 ut
733 4088 886 4149 deiicitur.
904 4132 910 4147 .
927 4131 934 4145 .
950 4103 1004 4147 uec
1019 4103 1053 4147 eo
1072 4104 1146 4148 casu
1160 4085 1321 4161 quidquam

177 4189 337 4252 interestis
350 4195 404 4267 qui
416 4209 506 4252 usur
511 4193 646 4266 paueat
650 4199 662 4252 t
675 4191 811 4252 domiuus
825 4192 862 4250 stt
877 4193 992 4252 necue?
1028 4186 1071 4252 cf.
1088 4184 1202 4250 Cicero
1218 4182 1259 4248 de
1273 4205 1321 4248 or.

178 4290 234 4355 III
243 4289 296 4372 28,
311 4291 381 4355 110.
404 4290 552 4377 Utraque
567 4297 678 4353 autem
692 4290 782 4355 notio
796 4290 880 4354 bene
894 4287 1163 4356 accommodatur
1173 4284 1215 4350 ad
1227 4286 1323 4353 verbi

178 4391 339 4477 originem
368 4393 411 4458 ab
438 4392 479 4457 Ο.
499 4391 658 4458 Muellero
683 4391 719 4456 in
742 4391 828 4458 Mus.
855 4390 946 4458 rhen.
972 4391 1034 4454 iur.
1054 4389 1087 4456 V
1100 4388 1170 4455 201
1195 4396 1324 4454 erutam
