3282 4970
276 263 317 328 86
594 233 597 244 ’
690 275 802 323 CAPVT
826 273 1003 338 Qvnurvn.

276 433 475 519 accipiamus
490 451 554 495 non
569 430 652 516 peti:
675 451 716 494 ne
738 429 824 495 ratio
847 429 979 515 quidem
1000 427 1141 514 petitur,
1162 428 1227 492 nisi
1250 426 1336 493 forte
1350 447 1424 512 pro-

275 531 387 601 babile
414 532 512 597 ducas
535 531 679 598 radicem
701 531 845 617 aliquam
866 552 975 595 secum
996 530 1100 616 ipsam
1123 529 1283 616 componi.
1315 531 1424 615 Atque

277 660 315 704 eo
332 655 461 724 quoque
481 633 568 698 unde
587 633 727 718 profecti
751 654 861 717 sumus
878 631 978 696 Plinii
999 630 1069 697 loco
1084 653 1151 697 non
1169 636 1342 695 ‘arduitur’
1359 631 1424 716 pri·

276 739 376 803 mlius
392 737 470 818 fuit,
494 736 551 800 scd
568 741 782 800 ‘arduuiiur‘:
805 756 868 821 quo
890 734 979 798 ducit
1001 743 1132 820 practer
1153 732 1313 797 diserlum
1329 731 1425 797 Tole-

278 839 347 906 tani
359 838 734 903 testimonium‘duuiinr'
742 838 928 901 coniectura
936 835 1155 916 fortusse‚sed
1167 857 1246 899 vera
1260 834 1425 916 effectum,

278 941 454 1029 praecipue
469 940 626 1004 mendosa
641 939 747 1004 Puris.
763 961 812 1024 pr.
829 961 870 1002 m.
887 948 919 1003 et
935 937 1135 1002 Chiflletiuni
1151 936 1315 1023 scriptura
1329 941 1427 1000 ‘diui-

173 1091 182 1103 .
279 1047 383 1108 ditur!
415 1042 507 1123 Quae
533 1063 585 1105 res
612 1063 690 1105 sane
716 1049 897 1105 memoratu
919 1039 1112 1123 dignissima
1138 1047 1204 1120 esi,
1230 1040 1427 1124 praesertim

279 1165 354 1208 cum
367 1144 434 1208 iam
446 1142 554 1207 Plauti
570 1151 677 1208 aetate
693 1140 917 1230 productionis
931 1141 966 1204 in
980 1141 1053 1206 istis
1069 1140 1183 1206 formis
1196 1138 1323 1205 nullum
1336 1148 1427 1204 extet

279 1245 467 1330 vestigium.
497 1243 539 1309 cf.
557 1245 630 1309 Cas.
649 1243 734 1326 118,
753 1244 795 1308 43
817 1250 859 1308 ‘ei
876 1263 933 1322 epo
954 1263 1068 1307 omnem
1084 1262 1214 1306 amorem
1232 1263 1329 1306 meum
1350 1262 1427 1306 con-

279 1351 402 1412 credui’
422 1385 456 1394 —
473 1367 550 1410 nam
564 1347 679 1410 horum
695 1369 823 1432 qnoque
839 1345 1016 1411 verborum
1028 1337 1164 1409 eandem
1179 1365 1251 1408 esse
1265 1344 1426 1409 rationem

281 1449 315 1512 in
331 1458 445 1535 aperto
461 1457 521 1513 esi.
550 1449 661 1534 Atque
677 1469 719 1512 ex
735 1448 851 1513 Plauto
872 1455 1002 1532 praeter
1022 1445 1058 1510 id
1077 1446 1165 1532 quod
1186 1467 1286 1530 supra
1306 1467 1426 1512 memo·

279 1551 353 1614 ravi
378 1550 563 1637 exemplum
589 1551 655 1614 ium
681 1571 720 1614 eo.
740 1571 867 1635 quoque
888 1557 960 1613 tuto
980 1547 1044 1612 huc
1065 1549 1250 1613 revocanda
1272 1558 1366 1628 sunt,
1393 1547 1427 1611 in

272 1643 400 1736 'quibus
433 1661 523 1715 recte
549 1650 638 1716 (iod.
663 1650 871 1715 Hermnnnus
898 1651 1045 1714 futurum
1072 1659 1104 1714 et
1136 1649 1335 1736 perfectum,
1362 1669 1428 1712 non

282 1773 436 1838 praesens
453 1753 602 1837 agnovit:
620 1751 715 1839 Capi.
733 1752 832 1835 1115,
849 1752 890 1816 36
906 1752 1123 1830 ‘Quandoepc
1143 1762 1171 1814 te
1191 1757 1336 1830 exemplis
1350 1771 1428 1830 pes-

281 1859 372 1917 sumis
386 1860 563 1918 cruciavero
583 1859 678 1933 Atque
692 1859 726 1917 ob
741 1861 852 1919 sutelas
867 1865 934 1917 tuas
955 1863 983 1917 te
996 1860 1085 1916 morti
1103 1859 1225 1930 misero,
1256 1859 1308 1916 Vei
1328 1866 1356 1917 te
1376 1859 1427 1916 in-

281 1961 384 2020 terisse
404 1965 450 2021 nel
465 1963 581 2036 perisse
600 1961 790 2036 praedicent,
812 1961 1030 2034 Dumnacus,
1051 1960 1128 2018 ninii
1147 1961 1324 2018 interduo
1345 1961 1431 2019 aiant

282 2063 403 2123 uiuere?
435 2057 510 2123 Aul.
527 2058 580 2124 ΙΙΙ
596 2059 633 2140 6,
648 2059 692 2121 49
713 2063 829 2132 ‘Fides
852 2064 958 2122 novisti
978 2077 1024 2120 mc
1043 2067 1073 2120 et
1085 2077 1140 2134 epo
1155 2067 1198 2120 te:
1219 2077 1292 2122 caue
1312 2063 1353 2122 sis
1369 2050 1428 2132 tibi',

282 2164 326 2224 Ne
342 2161 401 2246 [tu]
418 2167 449 2224 in
470 2181 516 2224 me
536 2167 704 2224 inmutassis
724 2180 843 2242 nornen,
864 2167 892 2224 si
909 2165 965 2223 noc
984 2164 1219 2224 concreduo.'
1250 2159 1371 2245 Amph.
1393 2157 1429 2223 II

282 2261 313 2344 2,
329 2262 373 2327 40
387 2269 426 2326 ‘si
438 2269 556 2326 situlam
572 2283 694 2342 cepere,
718 2269 885 2340 Numquam
900 2266 1009 2341 edepol
1027 2273 1058 2325 iu
1078 2266 1153 2341 milti
1166 2267 1261 2326 diuini
1279 2265 1429 2325 creduis

278 2375 348 2443 pest
361 2369 441 2428 lunc
456 2369 550 2444 diem,
567 2369 607 2428 Ni
618 2385 673 2442 epo
687 2371 734 2428 ilii
744 2375 832 2443 puteo
839 2412 848 2445 ‚
863 2368 891 2428 si
903 2384 1040 2445 occepso,
1057 2371 1190 2428 animum
1203 2385 1317 2428 omnem
1332 2370 1429 2428 inter-

282 2475 429 2544 traxcro',
445 2466 563 2554 quibus
579 2465 667 2531 addo
682 2466 778 2533 Truc.
792 2463 827 2530 II
841 2465 871 2547 2,
886 2467 927 2530 51
944 2474 1118 2544 ‘numquam
1132 2470 1238 2546 edepol
1251 2471 1325 2530 mihi
1339 2469 1429 2541 uras-

283 2588 373 2647 qnam
387 2573 472 2632 nomo
486 2574 620 2632 mortalis
637 2573 762 2647 posthac
781 2573 912 2631 ducrum
932 2589 1034 2632 rerum
1055 2571 1215 2647 creditit,
1237 2572 1278 2632 Ni
1297 2574 1353 2632 ista
1376 2587 1430 2646 epo

283 2682 382 2735 uestra
396 2689 448 2735 ero
462 2677 571 2734 maiori
581 2677 667 2748 sacta
682 2675 913 2734 aericrracerm

368 2771 408 2834 In
433 2773 550 2836 ceteris
578 2779 686 2835 autem
706 2793 790 2858 quae
811 2770 900 2857 apud
919 2771 1076 2853 Plautum
1094 2772 1240 2860 aliosque
1260 2771 1430 2837 inveniun-

284 2885 353 2953 tur,
382 2894 521 2959 quorum
547 2873 747 2959 paucissima
772 2882 900 2940 tantum
925 2874 1133 2940 Hermennus
1164 2873 1289 2956 attulit,
1320 2883 1431 2938 utrum

285 2975 422 3060 perfecti
443 2997 483 3039 an
500 2977 683 3062 praesentis
699 2975 928 3042 coniunctivus
950 2975 1175 3062 intellegatur,
1197 2977 1257 3042 vix
1277 2997 1432 3064 umquam

286 3077 454 3143 diiudioes.
499 3077 585 3142 Nam
611 3086 648 3142 ut
674 3099 752 3142 sane
779 3076 861 3140 nihil
892 3079 1002 3144 obstat
1008 3126 1018 3160 ,
1045 3078 1432 3166 quominusperfecium

285 3189 467 3246 statuamus
483 3181 519 3242 in
533 3179 671 3244 talibus:
698 3188 785 3244 ‘nam
801 3185 881 3258 quod
894 3185 977 3244 dedit
992 3191 1052 3244 tam
1067 3185 1149 3246 duim
1165 3198 1253 3260 quam
1273 3185 1429 3260 perduim'

284 3280 361 3346 Aul.
377 3281 426 3347 IV
440 3283 472 3363 6,
489 3283 519 3345 6.
556 3285 657 3346 ‘eluas
672 3293 702 3348 tu
718 3303 758 3344 aa
772 3303 931 3360 erumpere
947 3289 1061 3348 ciccum
1076 3304 1134 3347 non
1150 3288 1328 3348 interduim’
1344 3276 1444 3346 Rud.

285 3385 320 3447 Il
337 3384 367 3464 7,
383 3383 441 3466 22;
456 3383 499 3446 cf.
516 3384 609 3447 Trin.
625 3383 674 3447 IV
690 3385 721 3464 2,
740 3382 810 3447 152.
834 3389 877 3448 ‘tu
891 3391 965 3448 milti
978 3390 1135 3450 trichnium
1152 3389 1193 3450 Ob
1209 3406 1275 3450 cum
1290 3407 1327 3450 ne
1342 3390 1430 3460 duis',

285 3483 372 3547 Rud.
388 3483 420 3547 V
435 3484 464 3565 3,
483 3485 536 3566 123
560 3486 603 3548 cf.
620 3485 813 3570 caputii,
830 3485 882 3550 81.
903 3487 934 3550 V
950 3487 985 3568 2,
1001 3489 1054 3553 27.
1085 3493 1213 3553 ‘Melum
1233 3493 1313 3567 quod
1331 3493 1381 3551 isti
1393 3491 1434 3550 lu·

285 3592 426 3664 Deaeque
445 3605 543 3651 omnes
563 3589 665 3650 duint’
687 3585 786 3651 Most.
803 3587 857 3651 III
881 3589 914 3670 1,
937 3588 1008 3654 125.
1038 3590 1115 3654 Ter.
1131 3590 1263 3656 Phorm.
1279 3591 1351 3654 946.
1381 3588 1431 3653 Pl.

287 3689 379 3781 Trin.
395 3687 431 3752 II
446 3688 483 3770 4,
500 3687 541 3751 35
557 3687 598 3751 nl.
630 3692 780 3768 ‘Iuppiter
800 3700 827 3752 tc
844 3695 983 3768 perduii'
1003 3691 1101 3778 Epid.
1119 3694 1135 3756 Ι
1153 3693 1187 3774 1,
1204 3693 1247 3756 64
1266 3695 1308 3756 cf.
1331 3692 1430 3756 Poen.

286 3789 399 3873 1114,
420 3790 462 3855 30
482 3788 524 3852 ul.
554 3793 606 3853 ‘lii
630 3802 658 3854 te
672 3795 821 3870 perduint
827 3799 835 3825 '
859 3792 973 3857 Cicero
996 3817 1027 3880 p.
1045 3793 1147 3859 Dciot
1168 3795 1204 3875 7,
1221 3794 1272 3860 21.
1305 3800 1432 3858 ‘utinam

286 3897 340 3956 tibi
352 3899 439 3958 istam
454 3907 578 3956 meatem
589 3897 631 3955 ln·
643 3899 822 3957 immortales
837 3898 923 3958 duint
931 3902 939 3928 '
956 3893 1001 3960 id.
1017 3895 1051 3958 in
1063 3895 1160 3960 canl.
1174 3895 1232 3978 19,
1244 3896 1302 3981 223
1318 3895 1431 3961 osda-

287 3994 369 4059 citus
386 3995 473 4060 Ann.
490 3993 539 4058 IV
560 3993 602 4058 38
616 4033 659 4040 -
679 3993 768 4059 haud
788 4017 881 4060 secus
904 4017 942 4060 ac
963 3996 1083 4061 dicitur
1098 4002 1156 4060 ‘lii
1168 4005 1292 4063 meliora
1309 4002 1430 4075 sauint'

287 4119 313 4162 s.
340 4101 392 4161 <lit
419 4103 567 4161 mouerint
596 4101 722 4160 meliora
752 4109 841 4176 atque
865 4105 1026 4164 amentium
1055 4107 1301 4166 auerruncassint
1334 4106 1431 4163 tuam'

286 4197 410 4264 Pacuv.
432 4222 485 4287 ap.
506 4198 646 4264 Paulum
665 4221 698 4284 p.
721 4200 783 4264 373
799 4222 855 4263 -:
878 4201 926 4268 iia
941 4200 1017 4266 Aul.
1038 4203 1055 4266 I
1078 4205 1111 4285 1,
1133 4203 1175 4268 23
1197 4207 1361 4283 ‘Nimisque
1379 4223 1433 4280 epo

287 4305 367 4366 hanc
385 4312 481 4368 metm
499 4309 578 4370 utute
606 4301 653 4370 tte·
675 4307 749 4368 milri
766 4324 806 4368 ea
825 4308 943 4370 insidiis
962 4309 1053 4370 uerba
1073 4309 1257 4386 imprudenti
1275 4311 1342 4372 duit
1369 4308 1433 4372 Neu
