3282 4992
392 385 439 433 ou
461 385 646 438 DVODEGIM
669 386 882 442 rABvutuvu
904 389 1077 439 MEMORIA.
1130 391 1145 446 ’,
1269 377 1309 442 19

162 563 283 606 annum
297 537 506 604 millesimum
521 542 556 605 in·
571 539 662 608 libro
671 541 713 608 de
727 542 911 626 Gothorum
932 542 1060 628 legibus
1077 543 1198 610 dieitur
1213 567 1307 612 orsus

161 667 233 710 esse
259 644 301 710 ab
329 641 436 727 elogio
463 643 535 708 XII
556 641 742 710 tabularum
774 652 867 732 ‘quas
896 667 1006 712 omnes
1034 648 1178 714 carmine
1205 647 1307 714 latino

164 744 471 832 comprehenderit,
498 753 582 810 teste
597 744 734 811 Nicolae
760 749 902 814 Antonio
923 750 957 812 in
978 748 1136 816 Biblioth.
1156 750 1309 836 Hispana
1349 817 1352 824 ,

92 932 95 939 Ι
161 861 227 917 vet.
243 847 294 912 VI
310 847 360 927 14,
375 845 441 912 350
454 848 486 932 (I
501 869 532 933 p.
548 846 611 911 518
627 848 678 913 ed.
696 871 725 913 a.
745 849 882 938 1788).1)
912 852 1043 919 Pariter
1062 853 1189 917 incerta
1208 863 1307 942 atque

72 951 77 981 ²
160 948 367 1017 incredibilia
388 948 429 1014 de
450 949 561 1015 neseio
582 971 646 1036 quo
668 952 778 1018 octavi
799 952 921 1018 saeculi
941 953 1140 1019 Massiliensi
1156 955 1307 1043 episcopo

160 1054 356 1119 Franciseus
376 1049 560 1138 Balduinus
582 1052 708 1138 profert
728 1055 763 1119 in
784 1056 887 1122 ‘Liba
910 1053 946 1121 II
965 1057 1000 1120 in
1019 1055 1107 1142 leges
1128 1055 1260 1122 Romuli
1275 1067 1309 1122 et

160 1157 249 1242 leges
265 1155 336 1220 XII
348 1153 546 1220 tabularum’
564 1155 1092 1246 ed.Basil.1557‘praefatione²):
1111 1158 1221 1224 ‘audio
1232 1166 1308 1223 ante

161 1281 266 1326 annos
289 1259 492 1342 octingentos
515 1260 674 1343 seriptum
694 1259 753 1324 abs
775 1258 919 1345 quodam
934 1261 1086 1348 episcopo
1107 1246 1309 1327 Massiliensi

162 1361 290 1427 librum*
301 1359 416 1440 tuisse,
439 1361 474 1424 in
495 1383 558 1446 quo
574 1375 648 1425 eum
664 1361 804 1447 probare
819 1361 1069 1428 vultRomanos
1086 1387 1106 1429 a
1122 1364 1259 1430 Graecis
1275 1369 1323 1428 et·
1379 1367 1382 1374 ’

160 1465 306 1532 Graecos
323 1485 342 1527 a
358 1461 490 1527 Iudaeis
506 1486 581 1528 suas
603 1463 691 1554 leges
714 1465 902 1551 repetiisse,
924 1486 1078 1550 magnam
1094 1466 1165 1531 XII
1180 1464 1307 1533 tabula-

105 1560 108 1565 ’
159 1589 234 1630 rum
250 1574 378 1654 partem
394 1563 553 1631 describit
567 1588 607 1630 ac
621 1565 747 1630 recitat.
766 1565 845 1640 ¹Sed
866 1589 941 1654 eum
961 1589 1089 1654 quoque
1109 1567 1230 1634 librum
1251 1567 1308 1655 qui

161 1668 265 1734 habet
286 1667 484 1753 supprimit’.
528 1667 621 1748 Quae
642 1667 732 1732 haud
749 1670 860 1754 inepte
882 1669 1070 1734 Dirksenus
1092 1692 1125 1757 p.
1141 1671 1161 1736 3
1177 1692 1224 1756 sq.
1242 1691 1307 1733 non

161 1768 303 1834 aliunde-
317 1757 454 1834 fluxisse
475 1769 656 1835 arbitratur
675 1771 739 1834 nisi
759 1793 802 1835 ex
822 1771 962 1837 obscura
982 1773 1072 1836 fama
1097 1772 1138 1836 de
1159 1771 1308 1836 Salviani

158 1870 380 1958 Massiliensis
402 1870 473 1936 XII
496 1871 579 1956 legis
606 1868 912 1939 commemoratione
934 1895 954 1938 a
974 1870 1138 1940 Balduino
1161 1873 1215 1939 vel
1236 1874 1306 1938 eius

157 1983 294 2040 auctore
314 1973 450 2038 mirifice
471 1974 681 2060 amplificata
709 1975 862 2062 Denique
881 1974 1189 2042 OdofredusIOtus
1206 1976 1306 2060 (mor-

157 2087 282 2142 tunsa.
300 2077 398 2161 1265)
415 2097 489 2140 eum
509 2076 621 2166 tradat
641 2076 803 2163 quaedam
825 2101 867 2144 ex
892 2077 1016 2143 ultimis
1039 2076 1167 2143 duobus
1184 2076 1307 2144 tabulis

159 2169 295 2245 servata
314 2180 349 2243 in
363 2179 527 2244 Laterano
543 2200 631 2260 esse,
653 2177 740 2242 lectu
757 2178 907 2262 difficilia
922 2180 972 2264 (in
986 2177 1064 2263 Dig.
1082 2187 1148 2243 vet.
1167 2179 1195 2261 1,
1215 2180 1244 2261 1,
1259 2179 1306 2262 6),

157 2291 274 2368 aperto
297 2302 407 2346 errore
422 2281 554 2346 ducitur
569 2282 726 2367 deeeptus
742 2283 813 2345 sine
829 2279 929 2347 dubio
944 2279 1017 2345 aliis
1033 2278 1142 2366 legum
1156 2279 1307 2345 frustulis

157 2383 207 2448 ibi
222 2383 345 2467 visis.³)
727 2393 730 2398 '
1023 2394 1025 2398 '
1156 2391 1159 2398 '

95 2563 107 2580 ἡ
217 2494 220 2497 ’
249 2485 351 2551 Vides
374 2487 476 2572 igitur
496 2485 595 2551 etiam
616 2485 687 2551 XII
707 2471 896 2552 tabularum
917 2483 1066 2551 libellum
1087 2507 1147 2551 sua
1167 2484 1237 2551 fata
1250 2485 1306 2549 ha·

158 2587 286 2653 buisse:
314 2611 398 2676 quae
419 2586 525 2674 prima
545 2597 579 2652 et
598 2586 670 2652 sola
690 2587 910 2654 lexcivitatis
927 2606 1052 2652 summo
1067 2575 1182 2678 populi
1198 2587 1306 2654 studio

158 2687 327 2757 celebrata
347 2713 407 2777 per
428 2690 563 2776 longum
583 2700 711 2776 tempus
733 2713 788 2756 ore
808 2689 1037 2756 tantummodo
1058 2701 1244 2777 propagata
1256 2699 1308 2754 est
1388 2691 1391 2697 ’

159 2813 197 2856 ae
214 2814 287 2857 sero
308 2791 439 2858 demum
454 2792 572 2858 litteris
588 2781 758 2858 mandata:
786 2803 856 2858 tum
878 2791 1011 2858 veroin
1030 2813 1093 2857 usu
1114 2815 1187 2858 esse
1208 2791 1307 2859 desiit

159 2903 191 2958 et
207 2891 279 2958 sola
294 2896 584 2983 grammaticorum
599 2904 632 2986 et
646 2894 879 2961 historicorum
899 2893 1010 2959 studia
1031 2895 1195 2978 exercuit3
1216 2894 1306 2960 deni·

158 3016 221 3081 que
237 2994 291 3061 vel
305 2995 356 3060 bis
372 2996 600 3078 deficientibus
617 2996 783 3064 oblivione
799 3017 933 3083 prorsus
947 2994 1138 3076 oblitterata
1153 3004 1214 3061 est.
1237 2995 1306 3062 Nec

158 3097 310 3183 profecto
326 3099 403 3164 hinc
416 3099 610 3164 mirabimur
625 3121 664 3164 ea
680 3110 785 3165 aetate
801 3120 866 3185 qua
877 3099 1045 3164 hominum
1054 3098 1185 3184 ingenia
1193 3119 1305 3163 rursus

160 3200 203 3264 ad
226 3211 441 3266 monumenta
461 3202 668 3288 antiquitatis
692 3223 734 3286 err
753 3199 897 3266 tenebris
919 3199 1064 3265 eruenda
1078 3221 1117 3265 ac
1132 3198 1198 3263 luci
1212 3202 1305 3264 resti-

160 3302 284 3368 tuenda
298 3302 579 3386 accendebantur,
601 3302 642 3368 de
662 3301 735 3389 lege
749 3301 901 3390 quamvis
916 3301 1062 3388 studiose
1077 3300 1305 3385 investiganti·
1398 3315 1402 3321 ·

228 3595 249 3663 ¹)
269 3594 395 3648 Adiciam
413 3596 504 3647 locum
523 3611 556 3648 ex
573 3595 708 3662 Savignyi
725 3597 799 3648 Hist.
816 3597 869 3646 iur.
888 3609 954 3647 rom.
972 3575 1126 3646 medsaevi
1142 3592 1170 3644 Π
1187 3607 1214 3660 p.
1228 3594 1261 3644 tr
1278 3609 1304 3644 n.

146 3679 204 3750 ¹ed.
223 3682 237 3730 I
255 3681 425 3746 descriptum
444 3680 527 3732 ‘ante'
539 3697 640 3731 annum
658 3681 834 3732 millesimum
857 3671 905 3732 aut
929 3679 1040 3752 circiter
1062 3677 1186 3730 dominus
1205 3679 1305 3729 Petrus

108 3761 110 3766 '
160 3765 192 3816 de
215 3765 327 3819 Graion
352 3765 499 3818 coenobita
524 3771 584 3816 eret
604 3769 634 3816 in
657 3765 685 3821 S.
704 3759 855 3818 Aemiliani
879 3769 911 3816 ut
932 3769 1035 3816 vocant
1056 3765 1250 3815 monasterio.
1272 3798 1305 3817 ..

160 3849 318 3917 Rellquisse
335 3852 410 3902 hunc
421 3852 533 3902 Petrum
551 3851 582 3901 in
599 3867 632 3902 eo
644 3852 811 3920 monasterio
829 3851 988 3901 nuntiatum
1006 3850 1085 3901 nobis
1098 3849 1152 3900 fuit
1163 3848 1305 3900 volumina

161 3932 213 3986 dno
225 3927 346 4004 “Leges
359 3936 513 3988 Gothorum
526 3941 554 3986 et
565 3937 671 4002 Regum
677 3939 696 3966 '’
715 3936 858 4002 inscripta,
873 3949 987 4000 quorum
999 3935 1075 4001 prius
1088 3933 1193 3993 LXIII,
1212 3936 1306 4000 peste·

93 4016 97 4024 ’
161 4022 216 4075 rius
234 4038 300 4074 vero
319 4022 425 4074 LXVII
445 4022 584 4088 capitibus
603 4021 765 4073 absolvitur.
796 4021 835 4078 ,In
852 4020 988 4087 principio
1008 4018 1128 4086 elogium
1146 4018 1239 4084 posuit
1256 4033 1305 4068 au·

161 4107 221 4156 ctor
238 4106 330 4173 legum
347 4107 402 4159 XII
420 4103 578 4159 tabularum
596 4122 666 4172 quas
683 4120 777 4157 omnes
794 4093 918 4160 carmine
933 4105 1022 4157 latino
1041 4102 1247 4168 comprehendit
1259 4139 1265 4150 .
1278 4141 1306 4156 ..

162 4190 254 4242 Codex
271 4207 338 4258 prae
356 4192 442 4243 nimia
459 4195 600 4244 vetustate
619 4192 728 4256 aliquot
742 4191 800 4242 iam
818 4191 895 4243 foliis
913 4206 968 4243 non
980 4191 1084 4257 legitur
1096 4229 1103 4243 .
1117 4224 1144 4240 ..
1163 4187 1306 4240 Habemus

162 4274 188 4324 id
205 4281 292 4327 totum
311 4294 345 4328 ex
362 4276 547 4330 relati0nibus
565 4276 599 4328 ad
617 4292 666 4328 nos
683 4277 775 4328 missis
793 4273 945 4338 abeodem
960 4275 1149 4328 monasterio!

228 4359 249 4424 2)
268 4379 312 4428 ap.
331 4359 741 4428 Heineceium·1urispr.Rom.
762 4366 792 4424 et
808 4361 864 4414 Au.
884 4365 941 4429 11).
961 4362 1001 4412 67.

229 4445 249 4509 ³)
269 4447 306 4497 cf.
325 4447 434 4498 Pucbta
451 4449 519 4502 Inst.
538 4449 552 4497 I
570 4463 596 4512 p.
617 4449 665 4498 192
682 4462 709 4496 n.
730 4446 755 4513 (ξ
774 4444 826 4510 bb).

1059 4527 1241 4596 2*-.
