3282 4992
422 301 469 349 nn
493 299 677 370 nveneeru
701 298 916 348 rsnvnsavu
938 300 1114 350 urucam.
1324 288 1346 352 5

191 458 286 523 litate
301 456 487 543 suspicatus
504 463 554 520 est
568 453 786 542 exemploque
799 454 945 520 firmavit
966 455 1182 542 suspitionem
1196 456 1344 524 Ritsohe-
1418 461 1419 466 ’

192 559 255 624 lius
271 559 306 622 in
321 558 418 624 Poes.
435 567 559 623 saturn.
578 555 725 643 spicileg.
740 556 758 620 I
775 557 925 641 (Bonnae
942 557 1039 644 1854)
1055 579 1088 644 p.
1103 557 1124 623 5
1140 579 1188 644 sq.
1198 558 1222 645 ¹)
1246 606 1254 621 .

277 660 381 747 Atqui
405 658 616 724 haecomnia
642 679 736 723 suam
758 660 826 724 vim
850 658 1018 724 habebant
1043 658 1087 724 ad
1107 660 1344 726 immutandam

191 760 352 851 paulatim
366 761 543 848 pristinam
559 760 642 846 legis
658 747 895 827 condicionem.
926 759 1058 826 Accidit
1079 763 1166 826 enim
1187 763 1276 850 quod
1291 785 1343 830 sc·

99 892 102 898 ·
191 865 237 930 let
252 863 401 929 accidere
415 864 450 929 in
463 885 500 928 re
515 885 578 928 usu
594 862 748 929 diuturno
767 862 847 929 trita
867 871 966 949 atque
987 885 1043 928 ore
1058 871 1090 929 et
1108 863 1278 931 auditione
1292 888 1342 930 ce-

192 967 336 1054 lebrata:
353 976 391 1032 ut
406 967 558 1052 antiquus
575 963 631 1029 ille
648 966 805 1029 sermonis
827 963 917 1030 color
932 965 1053 1030 sensim
1068 968 1252 1056 sensimque
1268 967 1341 1033 abs·
1399 1020 1401 1024 .

195 1077 423 1154 tergeretur-et
438 1068 480 1131 ad
495 1067 663 1153 propriam
678 1067 836 1154 cuiusque
853 1067 971 1133 aetatis
989 1068 1258 1136 consuetudinem
1275 1091 1341 1134 ma-

192 1171 242 1256 gis
261 1169 609 1253 accommodaretur²)‚
625 1169 762 1256 perinde
777 1178 814 1235 ut
825 1168 963 1236 Lutheri
980 1171 1135 1254 nostratis
1151 1169 1342 1258 Scripturas

192 1295 306 1338 sacrae
322 1272 466 1338 versioni
481 1271 640 1356 obtigisse
654 1281 767 1338 notum
789 1283 849 1338 est.
880 1271 974 1354 Quae
995 1294 1046 1336 res
1067 1282 1104 1337 ut
1124 1271 1222 1338 valde
1244 1295 1341 1360 appo-

191 1375 256 1440 sita
278 1373 341 1441 fuit
361 1383 460 1460 atque
483 1375 564 1442 adeo
586 1377 771 1439 necessaria
792 1375 834 1440 ed
855 1373 981 1460 largam
1002 1373 1092 1439 illam
1113 1372 1267 1440 utilitatis
1289 1398 1341 1441 co·

190 1477 279 1564 piam
294 1474 415 1564 populo
431 1475 722 1564 suppeditandum,
738 1476 785 1541 ita
801 1475 1032 1542 detrimentum
1053 1474 1165 1542 attulit
1184 1477 1341 1561 gravissi-

190 1601 278 1643 mum
302 1587 335 1643 et
355 1598 532 1665 numquam
552 1601 619 1644 non
646 1576 822 1644 dolendum
843 1578 1065 1665 grammaticis
1089 1578 1218 1644 studiis.
1255 1577 1341 1642 Nam
1363 1596 1365 1602 ’

190 1703 274 1769 quae
287 1680 324 1767 in
339 1681 489 1770 quintum
505 1690 538 1746 et
553 1689 683 1747 sextum
697 1680 789 1746 urbis
809 1681 976 1747 saeculum
991 1679 1108 1746 incidit
1127 1673 1259 1770 linguae
1281 1679 1340 1747 irn-

761 1816 773 1858 “ι

260 1973 280 2040 ¹)
299 1976 358 2026 ‘De
377 1973 421 2025 his
439 1974 511 2026 enim
529 1973 623 2026 verbis
642 1973 695 2024 etsi
713 1973 742 2023 in
766 1973 892 2026 diversas
915 1977 1010 2040 partes
1034 1989 1096 2034 oum
1118 1973 1226 2024 discedi
1248 1978 1342 2040 potest

190 2065 248 2112 tum
267 2059 420 2112 discessum
440 2063 495 2124 cst,
514 2062 608 2110 tamen
626 2059 681 2108 arti
700 2059 869 2111 conveniens
888 2059 1083 2126 interpretatio
1105 2060 1152 2111 vix
1173 2059 1249 2110 aliud
1267 2061 1340 2125 pati·

189 2153 234 2196 tur
251 2145 307 2195 nisi
325 2149 355 2196 ut
372 2160 471 2211 reapse
490 2143 568 2210 leges
587 2141 641 2194 XII
659 2141 817 2193 tabularum
837 2143 904 2195 illae
925 2144 1076 2209 aliquando
1096 2144 1184 2194 fuisse
1210 2144 1239 2193 in
1258 2145 1340 2194 metri

174 2232 306 2282 'formam
324 2230 454 2281 redactae
479 2228 635 2282 credantur.
673 2230 750 2292 Quae
774 2243 818 2278 res
845 2244 926 2295 quam
949 2232 978 2279 et
1001 2245 1018 2278 a
1040 2227 1171 2278 similium
1197 2243 1338 2293 compara-

188 2316 264 2368 tione
284 2316 551 2367 commendationem
568 2318 596 2364 et
614 2313 821 2366 demonstrandi
838 2313 1021 2380 multiplicem
1035 2313 1193 2364 cautionem
1211 2313 1339 2378 haberet,

188 2402 372 2452 meminerunt
398 2405 477 2468 puto,
508 2399 555 2465 qui
583 2399 703 2464 publicis
730 2398 836 2450 scholis
865 2400 968 2450 nostris
998 2383 1198 2461 interfuerunt,
1231 2397 1339 2463 aliquot

189 2487 323 2554 exemplis
342 2488 382 2540 ita
400 2497 450 2537 n‘os
468 2489 629 2552 persecutos
648 2499 725 2549 esse,
744 2489 775 2535 ut
793 2501 880 2552 genus
898 2500 1071 2536 numerorum
1095 2500 1129 2534 ne
1153 2485 1205 2535 hoc
1229 2483 1339 2549 quidem
1395 2507 1398 2512 ·

189 2570 265 2622 aliud
285 2576 368 2637 atque
387 2571 547 2624 Saturnium
566 2571 653 2623 fuisse
673 2571 891 2626 ostenderemus.
927 2571 1012 2623 Velut
1029 2571 1118 2636 ipsum
1141 2569 1210 2620 illud
1228 2569 1339 2646 Oicepo·

188 2658 232 2706 nis
256 2656 410 2723 exemplum
440 2657 476 2707 ad
500 2671 561 2706 earn
579 2671 708 2722 ¹normam
731 2655 788 2722 leni
811 2657 892 2708 unius
915 2656 1032 2708 voculae
1057 2655 1274 2721 transpositione
1298 2655 1340 2708 sie
1373 2693 1382 2716 ,
1413 2669 1416 2675 ’

189 2741 313 2794 accedite

385 2827 446 2878 Hoc
465 2825 527 2894 pitis
547 2842 582 2877 ne
602 2825 702 2878 facito:
721 2825 757 2878 nd
775 2842 871 2893 rogum
889 2851 923 2880 -,-
941 2825 1020 2877 decii
1037 2823 1134 2892 polito.

187 2913 243 2964 nisi
255 2917 318 2963 “ne
330 2911 390 2964 isai
400 2939 436 2952 -
448 2912 465 2963 a
477 2910 573 2979 rogim
586 2911 806 2978 polito”·malis.
831 2914 1004 2978 Quamquam
1018 2912 1103 2963 etiam
1122 2909 1245 2977 “rigum
1257 2927 1293 2961 ne
1305 2937 1340 2950 -

188 2997 268 3049 dseii
285 2997 399 3064 polito”
418 2999 504 3050 habet
527 2997 575 3064 qui
597 2997 770 3052 defendatur.
806 3000 876 3050 Nam
894 2998 967 3049 omni
984 2996 1165 3063 supersedere
1184 2998 1335 3063 transposi·

188 3083 264 3136 tione
283 3085 324 3134 ita
341 3087 449 3136 tantum
467 3083 587 3149 poteris,
606 3087 637 3132 ut
655 3087 764 3134 resecto
781 3085 958 3149 pronomine,
982 3082 1053 3149 quod
1071 3086 1165 3133 tamen
1182 3082 1236 3146 ipsi
1256 3081 1334 3134 Cice·

188 3169 248 3220 roni
267 3169 390 3220 tribuere
408 3170 455 3220 vix
475 3169 578 3232 ausim,
597 3168 730 3234 scriptum
750 3169 836 3220 fuisse
855 3169 884 3221 in
902 3169 956 3220 XII
974 3168 1067 3218 dicas:

384 3253 450 3305 Plus
469 3251 504 3303 ne
523 3251 625 3304 facito:
645 3269 741 3324 rogum
759 3252 818 3305 asos
834 3279 869 3290 -
887 3252 903 3303 a
921 3250 957 3303 nd
975 3250 1084 3318 polito.'
1098 3278 1130 3287 -

187 3341 277 3390 Favet
293 3338 340 3388 isti
359 3341 483 3406 opinioni
502 3339 585 3390 etiam
600 3336 741 3404 'oppositio
760 3338 833 3404 apud
851 3337 910 3392 Cio.
928 3337 1019 3395 deor.
1038 3335 1052 3387 I
1070 3337 1110 3396 57,
1130 3337 1180 3387 245
1197 3340 1242 3388 ‘at
1260 3343 1338 3389 totam

186 3427 250 3476 iilud
267 3427 332 3476 “uti
353 3427 438 3490 lingua
464 3425 654 3489 nuncupassit'’
674 3440 723 3475 non
747 3423 774 3473 in
793 3424 855 3474 XII
871 3423 976 3482 tabulis,
996 3438 1059 3490 qaas
1077 3429 1104 3472 tn
1122 3421 1234 3474 omnibus
1252 3421 1338 3474 biblie-

186 3510 266 3560 tlieeis
284 3512 430 3576 anteponis,
448 3511 540 3560 sedin
561 3511 678 3573 magistri
701 3513 839 3560 eartrsine
862 3511 984 3574 scriptum
1006 3509 1158 3560 uideretur!
1194 3507 1284 3572 Atque
1305 3523 1338 3559 ex

186 3595 231 3646 his
249 3594 318 3646 loeis
341 3597 397 3646 iam
414 3595 544 3646 Budaeus
568 3595 685 3660 aliique,
710 3594 744 3645 de
768 3595 867 3660 quibus
892 3594 928 3656 cf.
949 3595 1014 3645 Otto
1033 3592 1168 3662 Thesaur.
1186 3591 1229 3643 ΠΙ
1246 3593 1336 3664 praef.
1363 3641 1365 3646 .

186 3697 214 3747 p.
232 3682 262 3744 5,
288 3679 323 3730 de
341 3681 459 3732 metrica
477 3682 565 3732 forma
582 3681 776 3746 cogitaverunt
799 3681 853 3730 etsi
875 3679 1055 3746 inepte.eam
1079 3677 1148 3744 ipsis
1172 3677 1338 3729 decemviris

186 3765 349 3818 tribuentes.
375 3765 478 3817 Contra
496 3765 619 3831 vulgaris
637 3765 667 3815 in
684 3765 746 3816 loeo
764 3764 798 3815 de
816 3760 890 3830 legg.
909 3765 1055 3816 verborum
1075 3763 1271 3828 explicationis
1288 3777 1337 3827 pa-

186 3851 332 3902 trocinium
350 3851 660 3916 suscepit-Duentzerus
678 3851 707 3899 in
720 3847 874 3901 Muetzellii
886 3849 985 3902 Annal.
998 3849 1039 3900 rei
1052 3863 1142 3914 gymn.
1157 3849 1222 3901 1857
1240 3863 1266 3914 p.
1280 3850 1296 3898 3
1309 3863 1335 3900 n.

186 3936 234 3999 (el.
252 3935 459 4000 Bernhardyius
478 3936 552 3986 Hist.
575 3936 631 3986 litt.
650 3950 716 3986 rom.
735 3952 763 4001 p.
781 3937 831 3986 377
851 3936 892 3987 ed.
910 3934 938 4000 4)
960 3932 1063 3987 collato
1082 3934 1207 3984 Senecae
1227 3933 1245 3982 1.
1265 3933 1336 3984 Ocn-

184 4023 255 4071 trov.
273 4018 303 4072 Π
321 4023 352 4072 10
371 4023 455 4086 ‘quod
475 4021 622 4073 scholastici
644 4023 741 4088 quasi
761 4037 864 4071 cernua
887 4023 1047 4072 didicerant’
1067 4033 1148 4083 quem
1172 4019 1270 4070 merito
1293 4034 1335 4070 re·

186 4103 261 4155 tellit
278 4105 450 4157 Ribbeckius
467 4107 497 4156 in
514 4105 695 4158 Fleckeiseni
712 4105 812 4157 Annal.
831 4105 898 4171 phil.
915 4119 941 4158 v.
960 4107 993 4157 ‘tt
1011 4123 1038 4172 p.
1056 4107 1115 4155 203.

253 4187 275 4254 ²)
296 4191 332 4241 ef.
350 4191 456 4243 Marius
476 4192 633 4242 Victorinus
652 4207 678 4258 p.
698 4193 766 4242 etos
783 4191 814 4241 P.
833 4190 879 4242 Ita
902 4193 997 4252 neam,
1019 4194 1047 4242 a't
1072 4196 1184 4254 eppmet
1206 4205 1242 4240 ee
1265 4189 1337 4240 tibris

185 4277 297 4343 antiquis
312 4277 445 4341 foederum
462 4285 488 4327 et
508 4273 566 4346 [en]¹
581 4279 668 4341 tepere,
688 4278 731 4344 qai
743 4278 842 4328 etiarnsi
858 4293 894 4328 ee·
909 4277 1044 4343 frequenti
1055 4276 1271 4340 transscriptiene
1290 4275 1338 4326 aii-

186 4364 248 4428 qaid
264 4368 403 4426 armarunt,
423 4370 505 4414 tamen
522 4363 635 4412 retinent
653 4363 828 4429 antiquitatem
847 4379 875 4414 e·
896 4377 920 4427 q.
940 4376 962 4413 s.
