3282 4970
678 273 816 322 1111111
838 274 913 321 vm.
1306 257 1365 322 143

225 425 413 513 pauperiem
435 427 555 492 fecisse
578 426 721 509 dicetur,
745 425 830 491 actio
847 447 890 490 ex
904 425 976 510 lege
992 425 1163 491 duodecim
1178 425 1366 491 tabularum

225 529 408 593 descendit:
433 551 516 615 quae
531 528 586 593 lex
599 526 704 592 uoluit
726 536 783 592 aut
805 527 877 591 dari
900 525 934 592 id
956 526 1043 614 quod
1066 528 1191 609 nocuit,
1215 527 1249 591 id
1266 527 1365 593 estid

223 629 345 698 animal
372 631 459 717 quod
486 631 621 697 noxiam
648 629 827 711 commisit,
862 635 920 693 aut
952 629 1214 694 aestimationem
1246 630 1366 694 noxiae

224 731 358 799 offerri!
1387 741 1389 746 '

307 934 470 1023 ulpianus
494 935 516 1001 1.
532 934 615 1001 xm
630 935 674 1000 aa
689 934 859 1000 Sabinum
883 911 1178 1016 1111111413
1201 933 1250 1000 ‹si
1271 931 1365 1020 glans

224 1037 308 1122 (glas
330 1038 430 1124 Flor.)
454 1060 496 1102 ex
517 1039 635 1104 arbore
656 1046 715 1103 tua
736 1038 770 1101 in
791 1035 931 1100 fundum
952 1057 1061 1100 meum
1088 1035 1201 1118 cadat,
1231 1058 1366 1122 eamque

222 1160 283 1224 ego
305 1139 451 1204 immisso
479 1161 597 1226 pecore
620 1140 812 1226 depascam,
841 1136 956 1202 Aristo
984 1137 1100 1203 scribit
1126 1159 1193 1202 non
1220 1139 1284 1203 sibi
1314 1161 1366 1203 oc·

221 1262 353 1305 currere
374 1240 557 1325 legitimam
579 1242 739 1306 actionem
761 1261 826 1326 qua
848 1239 991 1324 experiri
1006 1239 1147 1324 possim3
1169 1260 1246 1302 nam
1261 1260 1366 1326 neque

221 1364 265 1406 ex
287 1343 359 1427 lege
382 1341 553 1407 duodecim
575 1342 763 1408 tabularum
786 1341 827 1406 de
849 1348 948 1428 pastu
969 1340 1115 1426 pecoris,
1144 1341 1310 1426 quianon
1332 1342 1367 1405 in

220 1451 280 1508 tuo
302 1443 463 1532 pascitur,
487 1466 592 1530 neque
614 1446 655 1509 dc
677 1444 834 1530 pauperie
861 1464 965 1528 neque
989 1442 1060 1525 [de]
1085 1442 1197 1508 damni
1227 1443 1366 1508 iniuriae

220 1545 277 1629 agi
298 1567 412 1632 posse3
435 1546 469 1610 in
491 1545 617 1611 factum
639 1547 750 1632 itaque
772 1547 834 1611 erit
857 1543 1046 1630 agendum'

735 1647 765 1712 7.
789 1647 849 1732 (8.)

307 1765 367 1825 QVI
390 1765 524 1814 Faveas
547 1766 595 1813 EX
617 1765 808 1815 OANTASSIT

307 1851 405 1932 [neue
427 1850 569 1916 alienam
591 1860 736 1936 segetem
757 1849 949 1937 pellexeris]

306 2053 433 2118 Plinius
449 2053 491 2118 N.
508 2053 552 2118 H.
568 2053 688 2119 XVIII
703 2054 735 2136 3,
753 2053 792 2118 12
816 2053 980 2138 ‘Frugem
993 2053 1127 2140 quidem
1142 2064 1252 2121 aratro
1268 2078 1364 2143 quae-

218 2157 320 2220 sitam
342 2153 463 2220 furtim·
478 2164 576 2220 noctu
598 2158 730 2242 pauisse
758 2177 798 2220 ac
820 2156 963 2220 secuisse
985 2156 1102 2243 puberi
1124 2157 1294 2223 duodecim
1317 2170 1364 2224 ta·

217 2256 307 2322 bulis
331 2256 452 2345 capital
474 2266 544 2322 erat
566 2280 826 2344 suspensumque
849 2257 961 2322 Cereri
982 2259 1091 2322 necari
1112 2258 1271 2324 iubebant
1291 2283 1364 2345 gra-

218 2360 295 2424 nius
334 2380 432 2444 quam
469 2361 504 2422 in
541 2357 718 2426 homicidio
758 2359 957 2425 conuictum:
997 2360 1163 2446 impubem
1200 2364 1363 2448 praetoris

288 2585 313 2634 6.
333 2583 369 2638 cf.
388 2584 477 2635 Gloss.
496 2583 587 2635 Labb.
606 2583 698 2634 ‘olaus
718 2583 824 2634 claudis
844 2581 986 2646 βάλανος)
1027 2627 1029 2630 .

288 2672 312 2720 7.
331 2669 440 2720 Plinius
457 2669 490 2719 N.
503 2669 538 2724 H.
559 2669 679 2721 XXVIII
696 2671 722 2733 4,
742 2672 773 2720 17
793 2668 896 2730 ‘Quidt
914 2685 968 2720 uon
987 2673 1014 2720 et
1031 2667 1123 2734 legum
1135 2669 1256 2736 ipsarum
1269 2671 1297 2720 in
1310 2671 1364 2723 XII

216 2754 323 2805 tabulis
336 2753 423 2804 uerba
436 2757 512 2804 sunt:
532 2753 605 2818 ‘qui
616 2792 622 2804 .
634 2789 640 2804 .
652 2758 671 2804 .’
702 2753 817 2804 Seruins
836 2753 871 2804 ad
889 2745 972 2819 Verg.
985 2754 1046 2805 Eel.
1060 2755 1128 2806 VIII
1146 2757 1179 2806 99
1197 2755 1299 2821 ‘Atque
1318 2771 1364 2806 ss-

215 2845 264 2891 tas
282 2839 339 2890 alio
357 2839 416 2889 uidi
433 2839 579 2889 traducere
603 2837 711 2904 messis]
736 2839 855 2905 Magicis
878 2838 1043 2903 qulbusdam
1066 2841 1172 2890 artibus
1193 2840 1247 2891 hoe.
1268 2840 1362 2905 tiebat,

217 2924 293 2975 unde
307 2929 350 2974 est
362 2925 391 2974 iu
405 2923 460 2974 XII
472 2922 590 2975 taanIs:
609 2928 710 2974 ‘nene
725 2960 730 2971 .
744 2963 751 2976 .
765 2927 783 2975 .’
820 2923 927 2974 Seneca
939 2924 1003 2977 Nat.
1016 2924 1131 2986 Quaest.
1144 2925 1182 2976 IV
1195 2928 1209 2976 7
1228 2927 1277 2975 ‘Et
1290 2925 1363 2992 apud

217 3025 269 3061 nos
287 3009 316 3058 in
334 3009 389 3058 XII
410 3009 512 3060 tabulis
531 3014 657 3068 cauetur,
676 3025 710 3060 ne
730 3009 791 3074 quis
810 3008 916 3060 alienos
938 3008 1045 3060 fructus
1071 3015 1248 3061 excantasset
1271 3010 1299 3074 (1.
1318 3027 1362 3060 ex·

218 3093 389 3158 cautassit).’
424 3094 595 3160 Augustinus
608 3093 641 3145 de
654 3093 685 3144 O.
698 3095 732 3144 D.
745 3094 814 3145 VIII
827 3097 858 3144 19
879 3092 963 3144 ‘illud
982 3095 1067 3144 etiam
1086 3094 1156 3158 quod
1175 3095 1231 3146 alio
1249 3096 1310 3147 loeo
1328 3094 1362 3146 de

217 3181 262 3230 bis
283 3179 390 3231 artibus
409 3179 478 3229 dicit
496 3176 548 3244 (sc.
567 3177 735 3245 Vergilius):
753 3178 844 3243 Atque
863 3183 938 3230 satas
962 3195 985 3230 e.
1006 3195 1030 3244 q.
1050 3194 1084 3243 s.‚
1105 3206 1137 3215 —
1157 3196 1190 3232 eo
1213 3179 1285 3245 qnod
1308 3181 1362 3232 hac

217 3264 355 3330 pestifera
373 3264 566 3329 scelerataque
584 3263 711 3315 doctrina
730 3264 835 3315 fructus
855 3264 942 3315 alieni
960 3265 988 3313 in
1008 3263 1079 3314 alias
1102 3268 1192 3314 terras
1215 3265 1363 3317 transferri

218 3349 401 3416 perhibentur
418 3367 465 3399 -1
485 3364 575 3400 nonne
593 3350 622 3399 in
640 3349 695 3399 XII
713 3348 830 3414 tabells,
849 3349 878 3398 id
897 3353 942 3400 est
959 3350 1143 3400 Romanorum
1162 3351 1362 3416 antiquissimis

217 3435 329 3502 legibus
348 3435 447 3486 Cicero
466 3439 660 3485 commemorat
680 3449 741 3485 esse
760 3435 948 3500 conscriptum
967 3438 994 3484 et
1013 3435 1040 3485 ei
1058 3434 1105 3499 qui
1121 3434 1174 3486 hoc
1186 3435 1287 3486 fecerit
1299 3421 1360 3502 sup-

217 3518 330 3585 plicium
345 3521 553 3571 constitutum?’
575 3520 708 3586 Apuleius
718 3517 797 3586 Apol.
812 3520 876 3570 eti
890 3515 930 3583 (II
941 3535 966 3585 p.
974 3521 1024 3570 504
1036 3519 1173 3586 Oudend.)
1186 3521 1293 3586 ‘Magia
1305 3523 1361 3572 ista

218 3609 352 3670 qnantum
371 3621 423 3670 ego
442 3605 524 3657 audio
542 3621 586 3656 res
610 3610 652 3656 cst
674 3605 792 3672 legibus·
807 3603 939 3669 delegata
963 3601 1099 3670 (relegata
1116 3605 1245 3671 Iungerm.
1262 3608 1289 3656 iu
1309 3607 1360 3672 Ep.

218 3690 419 3756 6111111364),
438 3689 576 3740 1111111111
596 3691 750 3755 antiquitus
767 3689 821 3740 XII
838 3688 943 3741 tabulis
965 3694 1078 3757 propter
1100 3691 1286 3742 incredundas
1305 3693 1317 3742 f
1351 3719 1361 3728 ·

217 3790 282 3840 gum
300 3774 450 3826 illecebras
468 3774 638 3826 interdicta.’
675 3776 712 3829 cf.
730 3775 890 3826 Marcianus
913 3773 1032 3841 Capella
1049 3776 1090 3826 IX
1112 3779 1127 3839 5
1145 3777 1195 3826 928
1213 3793 1241 3842 p.
1259 3777 1308 3827 ‘122
1326 3778 1360 3831 Κ.

216 3859 325 3910 Plinius
344 3861 377 3914 N.
390 3861 426 3910 H.
442 3857 518 3910 XXX
538 3863 561 3924 1,
581 3862 612 3911 12
631 3861 763 3910 ‘Exstant
781 3865 856 3911 certe
875 3865 904 3912 et
922 3860 995 3928 apud
1013 3859 1102 3911 Italas
1126 3865 1222 3927 gentes
1240 3863 1362 3928 nestIgia

169 3957 179 3977 ·
216 3945 277 3995 eins
291 3941 341 4008 (sc.
355 3943 477 4012 magiae)
495 3944 523 3995 in
536 3945 589 3995 XII
601 3944 704 3997 tabulis
722 3947 825 3996 nostris
843 3946 963 4011 aliisque
983 3947 1162 4013 argumentis,
1182 3962 1252 4017 quae
1269 3947 1361 4014 priore

215 4029 355 4081 uolumine
374 4030 507 4096 exposui)

284 4117 310 4169 8.
329 4115 366 4166 cf.
385 4115 490 4166 Paulus
509 4113 586 4168 Sent.
603 4115 631 4166 11
649 4118 693 4182 31,
711 4118 769 4198 254

214 4231 423 4246 Q--a--v-un-

303 4305 331 4364 i.
356 4299 526 4363 cxciiuta'sset
540 4305 606 4362 libri
621 4306 707 4364 Plinii
722 4312 762 4378 (et
779 4306 929 4378 Senecae).
