3282 4992
219 389 240 402 „
264 418 266 420 ,
337 359 603 407 0111011111111110
626 357 678 404 uu
700 357 914 406 ruuvmavu
936 356 1223 408 rurunranrmvs.
1310 344 1351 408 37

289 516 336 579 At
357 503 399 578 ne
419 512 608 578 ‘Valerius'
630 511 761 599 quidem
781 534 898 577 nomen
918 521 1007 577 recte
1027 510 1084 577 illo
1107 511 1178 578 loco
1199 512 1348 580 additur:

204 640 267 705 quo
283 613 650 702 nusquamMessallam
671 635 829 699 augurem
844 623 975 680 auctum
996 614 1144 680 invenies
1165 637 1231 680 non
1251 615 1349 682 modo

205 720 294 806 apud
308 719 460 800 Festum,
487 715 546 781 sed
568 739 634 782 non
655 716 759 800 magis
781 715 869 801 apud
885 714 1045 798 Gellium,
1062 715 1267 782 Macrobium
1291 717 1348 802 (cf.

204 821 271 886 Sat.
288 821 305 885 I
322 821 374 902 16)
396 819 530 886 aliosve.
562 818 658 882 Unde
679 818 746 882 iam
765 815 938 882 Huschkio
959 819 1027 884 Iur.
1045 828 1111 884 ant.
1133 817 1154 882 l.
1170 816 1192 884 1.
1208 842 1241 884 n.
1258 819 1278 884 9
1299 842 1349 884 su·

201 923 298 1009 spitio
314 932 365 987 est
381 931 460 986 nata
474 942 539 986 non
554 919 693 984 eundem
708 941 780 984 esse
797 928 894 1007 atque
910 942 1069 1005 augurem
1084 921 1251 986 Valerium
1262 916 1348 986 Mes-

200 1023 406 1110 sallam,qui
421 1023 464 1088 ad
480 1022 586 1107 legem
601 1021 673 1086 XII
687 1020 874 1088 tabularum
890 1021 979 1086 etde
995 1023 1093 1087 dictis
1109 1021 1256 1089 involute
1272 1023 1349 1090 scri·

200 1127 313 1212 pserit.
344 1126 390 1189 At
404 1123 466 1190 hoc
480 1125 671 1210 neutiquam
686 1123 818 1188 sufficit.
848 1122 934 1189 Nam
948 1124 1057 1210 priore
1073 1124 1145 1191 loeo
1161 1147 1240 1190 sane
1261 1125 1349 1190 idem

41 1222 43 1228 ’
99 1252 102 1256 ·
200 1236 265 1309 est,
287 1226 384 1294 modo
406 1249 448 1292 ne
463 1225 668 1291 ‘Valerium’
684 1233 805 1292 temere
825 1226 964 1291 inferas:
990 1227 1091 1292 altero
1114 1226 1186 1293 loco
1208 1250 1248 1292 ne
1264 1226 1349 1291 Mes-

201 1328 284 1403 salla
299 1328 432 1416 quidem
447 1338 510 1410 est,
526 1350 622 1414 quem
638 1328 720 1394 adeo
736 1327 837 1393 nimia
851 1326 1051 1395 liberalitate
1067 1328 1237 1415 utriusque
1253 1327 1351 1393 simul

200 1431 316 1518 scripti
332 1441 498 1495 auctorem
513 1452 584 1494 esse
599 1429 782 1496 voluerunt.
820 1429 934 1517 Neque
955 1431 1042 1495 enim
1061 1430 1151 1520 'quod
1167 1431 1286 1496 dicitur
1301 1434 1350 1493 ‘ta

198 1555 246 1598 eo,
264 1539 340 1597 libro
366 1540 418 1612 qui
442 1538 480 1598 de
507 1537 594 1598 dictis
620 1539 749 1596 involute
773 1536 974 1614 inscribitur’,
1002 1532 1079 1597 inde
1104 1533 1253 1619 sequitur
1274 1553 1349 1598 eun-

200 1634 277 1700 dem
299 1636 492 1722 scriptorem
514 1635 593 1700 dici:
617 1635 660 1698 cf.
681 1632 778 1699 modo
799 1657 830 1720 p.
852 1634 916 1701 289
935 1658 967 1700 v.
991 1638 1151 1712 ‘referri'.
1182 1639 1350 1706 ‘Veranius

199 1745 231 1802 r'a
252 1757 294 1802 eo
308 1744 361 1816 qut
379 1748 423 1802 est
435 1742 654 1818 auspiciorum'
680 1745 760 1802 etv.
777 1741 882 1800 ‘reus'
906 1740 1040 1801 ‘Sinnius
1054 1744 1086 1803 r‘u
1105 1757 1145 1801 eo
1164 1757 1249 1816 quem
1269 1742 1350 1801 scri·-

195 1846 275 1921 psr't'
291 1889 299 1904 .
316 1889 347 1902 ..
395 1839 584 1905 Macrobius
611 1839 679 1904 Sat.
714 1838 768 1903 III
800 1838 837 1920 6,
872 1839 913 1906 14
940 1845 1107 1904 ‘Veranius
1134 1844 1350 1932 pontificalium

198 1964 234 2008 eo
254 1947 330 2008 labro
352 1963 436 2021 quem
454 1945 535 2018 sarit
553 1946 590 2005 rte
604 1945 914 2025 Supplicattouihus,·’
936 1941 1003 2024 19,
1022 1943 1060 2007 13
1076 1941 1118 2007 al.
1159 1941 1257 2022 Quod
1276 1949 1350 2006 utut

199 2069 234 2111 se
263 2044 379 2126 habet,
407 2044 470 2110 hoc
491 2053 615 2110 certum
642 2052 693 2109 est
720 2063 825 2130 neque
851 2043 905 2108 hio
936 2065 1041 2130 neque
1072 2065 1105 2130 p.
1128 2042 1349 2110 355Μο1111-

199 2149 267 2213 lam
294 2147 405 2229 citari,
429 2146 487 2211 sed
505 2144 711 2210 Valerium
731 2182 772 2196 -
793 2146 856 2210 etsi
878 2149 919 2210 de
940 2145 1042 2210 altero
1064 2144 1134 2211 loeo
1155 2167 1195 2209 ne
1221 2145 1258 2208 id
1279 2145 1349 2231 qui·
1424 2175 1428 2182 ·

199 2251 276 2314 dem
295 2249 427 2314 decerni
441 2249 528 2313 licet.
547 2286 581 2296 —
601 2249 646 2312 At
665 2249 796 2334 quinam
812 2247 855 2313 sit
870 2247 925 2312 ille
945 2246 1113 2330 Valerius,
1135 2247 1191 2333 qui
1213 2247 1346 2334 scripsit
1375 2273 1379 2283 ‘
1418 2298 1422 2300 -

199 2351 273 2418 XII
296 2351 576 2438 explanationem,
593 2372 644 2414 res
661 2359 712 2414 est
732 2349 829 2436 plena
850 2349 1078 2417 dubitationis.
1122 2350 1264 2416 Notatur
1279 2349 1348 2435 qui·

199 2455 275 2520 dem
302 2477 321 2518 a
341 2453 492 2518 Varrone
513 2453 553 2520 de
579 2450 601 2516 l.
623 2451 644 2516 l.
665 2449 734 2517 VII
753 2451 795 2516 65
815 2451 969 2518 Valerius
1000 2452 1134 2539 quidam
1163 2451 1350 2518 Plautinum

198 2552 315 2623 vocem
349 2558 582 2642 interpretatus
619 2559 835 2634 ‘scruprbedas
863 2557 1004 2620 Aurelius
1032 2559 1134 2620 s'orr'br‘t
1162 2560 1199 2619 ab
1228 2560 1350 2620 scauri-

196 2631 280 2740 pe'da
295 2708 301 2720 .
321 2707 327 2720 .
345 2709 351 2720 .
370 2708 376 2722 .
402 2662 575 2722 Valerius
590 2678 610 2720 a
621 2662 701 2736 pecte
714 2679 752 2720 ao
766 2662 925 2737 scrupea':
940 2680 960 2722 a
976 2680 1039 2744 quo
1055 2655 1147 2722 illum
1162 2678 1228 2721 non
1243 2655 1349 2720 diver-

199 2783 272 2826 sum
288 2782 360 2825 esse
373 2759 410 2824 in
424 2758 493 2824 alta
514 2771 698 2826 ceterorum
718 2759 858 2825 fontium
872 2760 1044 2839 reticentia
1059 2769 1131 2825 tuto
1148 2757 1348 2824 existimabi-
1423 2795 1425 2797 ·

198 2887 284 2928 mus.
317 2862 511 2927 AVarrone
533 2871 643 2936 autem
665 2860 706 2942 Q.
726 2860 933 2926 Valerium
955 2863 1148 2927 Soranum
1169 2859 1349 2946 significari
1375 2857 1387 2926 ’,
1424 2911 1426 2915 .

199 2975 333 3053 poetam
354 2963 520 3028 Ciceronis
542 2963 737 3028 familiarem
753 2965 860 3047 (Brut.
876 2964 930 3046 46,
948 2963 1040 3048 169),
1062 2963 1154 3039 ouius
1176 2947 1348 3045 abeodem

198 3071 348 3133 Varrone
364 3075 563 3132 memoratur
578 3064 702 3130 dictum
717 3064 785 3130 VII
800 3067 840 3130 31
857 3072 954 3130 ‘uerus
967 3071 1077 3144 adoaia
1091 3075 1142 3137 ert,
1158 3086 1175 3129 o
1192 3071 1224 3128 P.
1232 3069 1349 3144 Scipio?
1377 3135 1380 3139 ¹

127 3170 130 3176 ’
199 3182 233 3236 et
253 3169 460 3254 grammatici
488 3168 673 3252 argumenti
695 3169 811 3232 versus
833 3167 867 3231 X
889 3168 930 3232 70
951 3173 1071 3232 ‘Accius
1090 3173 1248 3232 Hectorem
1272 3173 1351 3230 uolet

197 3277 319 3350 faeere,
336 3275 466 3359 Hectora
487 3277 593 3334 matet'
611 3308 651 3318 —
671 3269 750 3343 item
769 3269 871 3355 prisci
891 3267 1046 3347 vocabuli
1063 3268 1232 3336 ‘flavisse'
1250 3269 1348 3332 inter·

190 3375 340 3461 ,pretatio
357 3375 425 3459 (ap.
441 3371 584 3438 Gellium
600 3373 635 3437 ΙΙ
651 3373 701 3454 10,
717 3371 769 3456 3),
785 3370 875 3437 haud
888 3373 1001 3458 inepta
1015 3371 1141 3458 Meyeri
1163 3371 1350 3436 coniectura

199 3486 250 3546 est
271 3475 314 3542 ad
331 3476 424 3541 Brut.
446 3474 467 3540 l.
485 3475 567 3560 o.¹)‚
591 3495 665 3539 cum
685 3475 875 3559 praesertim
899 3473 1012 3539 Oicero
1036 3472 1077 3538 de
1098 3471 1348 3556 01.11Ι11,43

200 3741 256 3786 tem
279 3736 375 3786 valent
395 3750 470 3800 quae
493 3735 526 3784 de
556 3735 632 3786 vocis
651 3733 816 3786 ‘litterator’
834 3748 885 3784 usu
910 3749 943 3784 ex
967 3733 1094 3800 epistulis
1118 3733 1177 3784 eius
1201 3732 1357 3784 Suetonius
1444 3763 1457 3802 ‘.

201 3821 285 3872 affert
302 3819 336 3872 de
355 3820 395 3873 ill.
416 3836 528 3886 gramm.
549 3837 571 3871 0.
587 3823 611 3870 4.
649 3819 800 3878 Caeterum,
812 3823 925 3886 praeter
942 3813 1007 3872 illas
1026 3819 1060 3870 de
1079 3819 1176 3886 quibus
1195 3815 1274 3880 modo
1293 3817 1349 3869 dixi

164 3939 166 3944 -
199 3907 279 3957 Festi
302 3907 408 3972 glossas
431 3907 516 3957 etiam
539 3922 564 3972 p.
584 3909 631 3957 161
650 3923 675 3958 v.
697 3908 728 3956 10
746 3904 874 3956 Minorum
895 3907 1041 3970 poaufieum
1065 3907 1093 3956 ct
1114 3920 1141 3954 v.
1162 3905 1193 3954 18
1216 3885 1349 3977 maalmam

197 3999 347 4056 praetorem
370 3991 404 4042 ad
427 3990 588 4042 Messallam
610 4007 756 4058 augurem,
781 3991 860 4040 cuius¹
886 3990 989 4042 ibidem
1017 3996 1060 4041 ost
1086 4007 1112 4043 v.
1131 3992 1163 4040 27
1187 3988 1347 4054 Marspedis,

137 4116 140 4122 .
199 4078 360 4128 revocanda
377 4071 516 4128 videntur:
541 4076 650 4126 scilicet
671 4075 811 4127 simillima
835 4091 929 4128 eorum
952 4086 1026 4140 quae'
1047 4076 1082 4126 ab
1106 4074 1348 4140 eodem'proiecta

200 4167 298 4214 extant
320 4180 347 4228 p.
367 4164 415 4213 157
440 4162 545 4213 Minora
572 4163 679 4228 itemque
701 4164 799 4214 maiora
821 4163 939 4228 auspicia
965 4165 993 4211 et
1015 4161 1126 4228 plenius
1150 4164 1280 4228 enarrata
1304 4176 1347 4227 ap.

200 4248 320 4300 aerarum
339 4248 408 4300 11111
427 4250 467 4302 rs.
1336 4233 1359 4244 ’“

269 4333 289 4397 ¹)
309 4334 482 4398 eramquam
505 4349 559 4400 quo
576 4335 600 4383 is
622 4335 680 4399 iure
700 4349 734 4384 ex
755 4332 805 4384 illo
828 4332 889 4386 loco
913 4334 1047 4388 Varronis
1072 4333 1123 4394 vu
1146 4331 1179 4382 65
1202 4321 1350 4384 concludat

200 4420 353 4471 Varronem
371 4417 475 4470 Valerii
494 4421 538 4472 ‘de
557 4421 655 4486 lingua
672 4419 772 4472 latina’
790 4417 871 4470 libris
888 4431 966 4475 usum
984 4419 1076 4474 videri
1093 4432 1149 4468 non
1166 4417 1254 4485 magis
1274 4432 1349 4472 asse·
1409 4431 1410 4434 ’
1469 4409 1471 4414 '
