3282 4992
358 263 479 318 66111
502 267 716 318 1111611666
737 264 915 330 annosus
938 251 1186 320 couureuums.
1221 251 1224 258 ’
1300 253 1342 318 49

195 412 329 510 (1113),
349 425 398 488 11..
413 464 456 475 —-
470 425 627 489 Attamen
647 443 751 510 66666
773 423 823 487 his
845 421 923 489 locis
945 423 1089 504 traditur
1108 424 1277 512 antiquam
1298 424 1342 489 le·

197 549 270 612 gem
286 548 306 590 a
320 522 413 592 Sulla
426 526 613 592 restitutam
628 549 698 592 6666
713 545 819 612 66666
835 525 965 591 omnino
988 526 1031 592 16
1043 528 1255 614 sumptuariis
1272 527 1341 590 aius

197 629 287 695 modi
302 627 374 694 XII
389 628 518 713 legibus
534 627 714 714 quidquam
729 627 863 692 aliunde
876 630 1030 694 innotuit.
1061 631 1154 711 Quae
1171 631 1200 694 si
1216 629 1342 694 extitis-

197 740 285 815 sent,
302 729 542 816 expootandum
563 733 634 796 erat
654 740 743 796 certe
758 729 901 797 Gellium
922 741 954 797 61
968 730 1191 815 Maeotium,
1213 733 1268 818 qui
1288 731 1342 795 (16

198 833 267 900 dita
287 841 386 922 opera
407 841 619 919 conspectum
640 831 749 918 legum
774 833 1054 920 sumptuariamm
1073 844 1211 920 egerunt
1231 857 1274 898 ex
1295 833 1342 897 di·

197 935 305 1003 versis
318 944 457 1021 uterque
472 933 620 1000 fontibus
633 933 787 1000 'haustam
802 975 845 986 -
860 957 902 1001 ex
912 934 1168 1023 CapitonisAtei
1183 937 1342 1001 coniecta

196 1037 266 1104 neis
289 1035 416 1103 Gellius
438 1075 479 1085 -
501 1035 542 1100 de
562 1035 620 1100 illa
638 1034 711 1122 lege
731 1031 889 1124 primaria
909 1038 1007 1103 unius
1029 1038 1124 1104 verbi
1145 1038 1343 1104 mentionem
1424 1078 1443 1107 a

196 1140 373 1206 iniecturos
390 1161 477 1203 esse:
494 1139 550 1224 qui
565 1147 675 1203 tamen
690 1159 765 1206 cum
783 1140 894 1227 plures
909 1139 1013 1204 fuisse
1024 1140 1093 1205 eius
1111 1139 1241 1226 generis
1253 1140 1342 1225 leges

197 1242 385 1308 6116166616
401 1239 588 1306 Corneliam
604 1239 741 1322 docent,
761 1250 829 1306 tum
847 1243 1004 1329 ‘primam
1018 1244 1161 1313 omnium
1178 1243 1218 1307 de
1234 1243 1348 1332 coenis¹

194 1344 303 1430 legem
324 1345 366 1408 ad
386 1341 543 1430 populum
559 1339 715 1408 Orchiam
737 1344 947 1429 pervenisse'
968 1343 1015 1430 (6.
1030 1369 1063 1410 6.
1079 1343 1257 1429 IOLXXD
1273 1343 1342 1408 Ma-

196 1446 328 1512 crobius
350 1445 472 1510 diserte
494 1453 657 1510 testatur.'
681 1445 813 1510 Erroris
839 1445 941 1532 igitur
962 1447 1086 1512 crimen
1106 1449 1165 1513 vix
1193 1446 1345 1530 effugerit

164 1627 167 1630 Ι
197 1548 409 1614 Ammianus:
438 1547 531 1613 cuius
554 1569 628 1611 eum
647 1545 702 1612 vel
727 1548 833 1633 magis
861 1549 1030 1615 convincit
1055 1572 1151 1636 quem
1178 1557 1343 1614 auctorem

198 1651 258 1716 666
283 1671 362 1714 vero
387 1649 511 1716 socium
537 1649 658 1713 erroris
680 1649 761 1712 mihi
786 1649 901 1715 videor
923 1651 1178 1738 deprehendere.
1217 1649 1342 1737 Nempe

181 1752 338 1818 'Cicero
356 1751 397 1816 de
412 1751 477 1836 leg·
494 1751 586 1821 1123
603 1773 673 1838 666.
694 1749 776 1836 legis
793 1749 865 1816 XII
880 1750 1066 1818 tabularum
1088 1752 1130 1818 de
1151 1762 1283 1840 sumptu
1303 1754 1343 1816 in

196 1854 408 1920 funeribus
429 1851 605 1918 minuendo
620 1862 798 1939 praecepta
812 1855 971 1937 illustrat,
993 1853 1113 1940 quibus
1128 1863 1258 1942 praeter
1279 1853 1346 1919 alia

195 1964 390 2042 sumptuosa
413 1965 579 2020 murratae
598 1952 741 2041 potionis
763 1956 923 2042 respersio
945 1957 1157 2043 omnisque
1177 1958 1345 2021 circurn-

195 2057 355 2144 potatio
372 2055 504 2122 subla-ta
520 2057 564 2122 sit
583 2055 640 2142 (24
659 2061 682 2140 ξ·
695 2058 750 2145 60)
775 2079 877 2144 66666
899 2081 941 2124 ex
962 2067 1054 2144 parte
1069 2059 1345 2124 translata'de

196 2157 363 2225 Solonis
385 2159 472 2223 fere
495 2156 656 2243 legibus
676 2169 844 2246 nuncupat
868 2159 1031 2243 (13659.
1055 2161 1097 2226 25
1118 2161 1220 2246 §64).
1257 2159 1346 2224 Hinc

195 2262 299 2347 igitur
313 2261 541 2344 Ammianum‚
563 2262 620 2347 qui
639 2259 771 2348 quidem
786 2270 908 2347 quanto
929 2261 1038 2328 studio
1060 2261 1252 2328 Ciceronem
1272 2283 1345 2349 pro-

195 2372 367 2451 sequatur,
383 2384 448 2428 non
463 2385 529 2428 uno
545 2359 758 2430 historiarum
779 2361 981 2430 1666611616
1002 2363 1094 2447 11661,
1105 2373 1346 2450 *argumentum

195 2467 355 2554 repetisse
376 2474 485 2550 61666
497 2464 656 2530 memoria
677 2464 807 2551 lapsum
834 2465 877 2531 ad
899 2465 1038 2532 diversa·
1057 2466 1265 2534 transtulisse
1286 2489 1345 2554 pro

195 2563 365 2656 explorato
391 2567 511 2634 habeo:
539 2566 732 2654 praesertim
758 2590 833 2634 cum
859 2568 957 2660 facile
976 2568 1088 2634 fraudi
1109 2591 1181 2634 6666
1201 2569 1346 2655 potuerit

196 2670 309 2738 Sullae
325 2669 526 2757 comparatio
543 2671 600 2756 qui
615 2669 657 2736 16
671 2669 822 2736 funerum
838 2691 966 2758 666666
978 2681 1111 2759 sumptu
1122 2671 1242 2736 similia
1252 2693 1344 2757 prae-

195 2773 341 2862 scripsit:
358 2771 400 2839 61.
415 2771 504 2862 ΙΡ161.
522 2770 602 2838 Sull.
619 2773 661 2838 35
680 2774 739 2840 τὸν
756 2775 791 2839 δὲ
806 2777 862 2854 τῆ(
877 2777 982 2856 ταφῆς
997 2774 1147 2854 ὁρίζοντα
1165 2776 1225 2854 τὴν
1244 2773 1345 2838 δαπά-

194 2897 258 2960 νην
272 2877 376 2958 νόμον
392 2876 491 2942 αὐτὸ(
511 2875 722 2957 εἰεενηνοχὼ(
743 2877 866 2958 παρέβη
889 2877 1026 2957 μηδενὸς
1047 2877 1258 2955 ἀναλώματος
1279 2896 1345 2957 φει-

193 2982 345 3062 -εάμενοε,
1010 2967 1013 2972 ’

235 3127 238 3133 «
282 3083 335 3148 De
356 3080 544 3147 Pliniano
567 3079 701 3170 quidem
722 3078 793 3147 loco
810 3079 876 3147 VH
891 3081 948 3164 60,
964 3080 1027 3144 212
1043 3084 1126 3144 ‘XII
1137 3085 1244 3144 tabulis
1264 3093 1347 3143 ortus

196 3196 313 3251 tantum
329 3189 717 3250 616666666661666116.Ι
726 3193 797 3262 post
810 3189 923 3262 aliquot
936 3203 1032 3246 annos
1041 3187 1176 3246 adiectus
1187 3196 1230 3245 est
1240 3192 1269 3245 et
1281 3195 1346 3245 me-

196 3292 306 3354 1111166
322 3287 388 3351 iam
403 3305 505 3372 supra
518 3285 622 3350 verba
636 3285 700 3349 feci
715 3306 748 3370 p.
763 3287 816 3348 11:
833 3286 891 3350 ubi
907 3307 980 3350 cum
996 3285 1157 3349 inceteris
1170 3283 1345 3348 6166116616

198 3399 347 3456 erratum
368 3389 427 3470 sit,
449 3410 490 3452 66
505 3387 704 3454 vocabulum
720 3393 837 3452 ‘ortus’
852 3388 983 3475 quidem
997 3426 1040 3436 —
1055 3385 1143 3474 quod
1158 3383 1346 3453 Dirksenus

196 3513 263 3580 666
277 3493 349 3557 1616
363 3513 396 3579 p.
411 3490 557 3556 169661
574 3490 591 3554 7
607 3488 739 3572 1616161,
751 3489 822 3577 ipso
838 3490 960 3557 viderit
976 3529 1017 3538 -—
1032 3489 1097 3556 fide
1113 3489 1194 3554 satis
1211 3488 1347 3574 dignum

197 3618 271 3662 6666
283 3592 517 3661 contenderim.
534 3593 649 3679 Neque
659 3591 700 3658 de
714 3593 825 3658 verbis
840 3593 911 3658 XII
928 3616 948 3658 6
962 3591 1104 3659 Servio
1120 3591 1251 3656 traditis
1265 3600 1348 3656 ‘neue

195 3706 328 3764 alienum
349 3707 475 3775 sanctem
499 3703 678 3778 pellexeris’
701 3695 802 3779 (VIII
824 3696 857 3779 8)
881 3693 1082 3761 Gothofredi
1109 3694 1347 3760 dubitationem

196 3812 267 3867 tam
292 3799 391 3864 celeri
410 3797 494 3888 pede
521 3797 689 3863 transilire
711 3798 853 3864 debebat
872 3792 1074 3862 Dirksenus.
1110 3795 1196 3860 Nam
1217 3803 1348 3881 praeter

195 3903 304 3970 verba
324 3908 395 3981 ‘qut
410 3905 520 3980 fruces
539 3907 741 3966 excoctosstt'
767 3899 903 3966 eandem
930 3895 1125 3964 sententiam
1146 3897 1252 3963 denuo
1273 3895 1346 3959 aliis
1417 3973 1424 3982 A

115 3991 121 3994 ’
195 4004 309 4073 verbis
323 4025 518 4092 expressam
537 4003 640 4069 fuisse
654 4002 908 4090 haudquaquam
927 4000 1099 4087 probabile
1115 4009 1176 4064 661.
1208 3997 1348 4062 Accedit

197 4117 310 4174 autem
322 4107 576 4194 gravissimum,
592 4105 682 4196 6661
696 4127 858 4192 nusquam
878 4126 937 4191 per
957 4092 1038 4168 haec
1059 4101 1141 4188 legis
1163 4100 1349 4186 fragmenta

197 4210 253 4278 vel
272 4210 499 4277 coniunctivus
519 4209 687 4276 invenitur
713 4227 771 4293 pro
791 4207 988 4293 imperativo
1009 4204 1061 4271 vel
1083 4204 1187 4270 altera
1206 4223 1349 4288 persona

196 4335 258 4400 pro
273 4315 380 4380 tertia.
406 4313 525 4399 Itaque
537 4310 689 4378 Servium
705 4311 798 4376 cuius
813 4309 847 4372 in
862 4307 1083 4396 legecitanda
1096 4305 1197 4372 fidem
1211 4305 1279 4368 iam
1294 4324 1348 4368 cx·
1426 4333 1429 4335 >

251 4423 371 4476 56116611,
386 4423 451 4474 Legis
468 4423 508 4465 Xll
521 4426 567 4469 tab.
582 4421 644 4475 reliq.
1044 4417 1054 4426 ”
1114 4409 1149 4475 4
1285 4427 1289 4438 ¹
