3282 4992
286 267 328 330 36
705 282 818 330 onnvn
840 281 1016 330 annnnvu.

286 434 447 515 seribere,
471 435 525 500 oui
545 435 626 499 haee
648 435 808 501 debentur
828 459 860 521 p.
874 435 939 502 351
957 441 1054 500 eBene
1073 443 1188 515 sponsis
1203 441 1331 520 beneque
1352 444 1414 500 nole

285 544 329 599 ris
336 537 361 624 ,1)
378 543 408 600 in
419 544 595 617 precatione
609 545 753 615 oupuroli
767 543 910 608 Messalla
926 559 1026 616 aupar
1041 545 1084 601 ait
1104 545 1276 617 sipnipioare
1296 559 1431 619 spopon-

285 644 380 720 deris,
395 645 540 704 nolueris’
557 648 589 702 et
605 643 744 719 ‘serpula
765 647 909 718 serpserit
923 639 999 725 (leg.
1016 647 1125 720 serpsit
1134 640 1182 726 2))
1198 649 1242 704 ait
1255 645 1433 705 idemMes*

284 746 364 805 salia
379 745 533 820 “serpens
547 745 764 820 inrepserit.''-·
841 746 846 753 “

333 1000 374 1076 ,1)
401 1003 530 1052 ‘volueris’
552 998 611 1051 eod.
631 999 701 1066 quod
721 1002 804 1052 ‘oolisff
829 987 948 1050 mutavit
972 1001 1003 1051 Ο.
1024 1001 1174 1052 Muellerus
1192 1003 1367 1073 Priscianum
1390 1017 1432 1052 se·

287 1091 366 1138 cutus
389 1101 415 1151 p.
435 1087 485 1138 848
504 1085 534 1137 Ρ.
554 1082 584 1148 (Ι
602 1101 628 1150 p.
647 1085 700 1135 466
721 1083 788 1145 H.):
812 1085 859 1135 ubi
883 1077 979 1134 tamen¹
1001 1090 1029 1134 et
1051 1088 1157 1136 ‘nolint'
1179 1086 1252 1138 idem
1276 1099 1337 1138 esse
1362 1084 1432 1150 quod

288 1171 381 1222 ‘uelim’
401 1171 501 1220 dieitur
519 1174 547 1220 et
564 1159 734 1236 ipsa'forma
753 1168 805 1218 fide
824 1169 897 1219 haud
915 1169 1024 1220 videtur
1046 1171 1132 1235 digna
1156 1187 1216 1221 esse
1237 1171 1283 1235 (of.
1303 1171 1432 1222 Herteius

268 1277 269 1282 ¹
285 1255 320 1305 ad
340 1253 387 1318 l.).'
412 1256 509 1320 Itaque
529 1258 578 1304 aut
596 1257 700 1304 ‘volsis’
718 1253 792 1318 ¹quod
812 1255 925 1319 abipso
943 1255 1112 1320 propositum
1130 1257 1230 1306 reiecit
1242 1254 1338 1305 Muell.
1356 1255 1433 1306 eblo·

286 1345 388 1404 quante
406 1339 547 1404 Madvigio
567 1339 709 1404 0000011
728 1342 760 1390 76
778 1354 818 1402 n.,
840 1343 888 1389 ant
906 1339 977 1403 quod
997 1339 1124 1402 equidem
1142 1340 1285 1406 praefero,
1306 1343 1432 1390 ‘soleris’

286 1425 360 1479 siout
381 1439 465 1489 supra
484 1426 624 1474 ‘tetinero’
645 1429 673 1474 et
691 1427 845 1474 *manerint'
864 1423 969 1478 Paouv.
988 1425 1060 1490 apud
1072 1425 1190 1474 Paulum
1207 1442 1234 1490 p.
1247 1427 1297 1476 373
1317 1453 1348 1461 -
1367 1424 1433 1474 Soa·

285 1511 374 1576 ligero
393 1513 421 1558 01
439 1505 535 1576 Lipsio
555 1509 713 1572 auctoribus
732 1507 907 1560 scribendum
927 1513 979 1558 est.

354 1611 375 1678 ²)
395 1613 522 1676 ‘serpsit'
543 1611 732 1676 corrigendum
752 1626 813 1661 esse
832 1626 892 1660 oum
912 1597 1041 1676 antiquus
1059 1626 1123 1662 usus
1141 1616 1233 1662 monet
1256 1616 1313 1662 tum
1331 1611 1431 1662 similis

286 1696 366 1747 loeus
384 1709 411 1762 p.
424 1697 473 1747 348
493 1695 541 1759 (of.
554 1695 672 1760 Paulus)
691 1694 805 1760 ‘Serpsit
822 1697 920 1762 antiqui
936 1712 985 1760 pro
1003 1700 1140 1762 serpserit,
1159 1699 1225 1748 unde
1243 1699 1359 1748 videnter
1376 1713 1430 1748 ser-

216 1775 219 1782 ’
256 1767 258 1770 ’
286 1785 364 1846 palae
382 1782 467 1832 dietae
485 1773 549 1846 quos
566 1797 632 1830 nuno
649 1789 784 1846 serpentes
799 1782 905 1832 dirimas
922 1797 957 1831 ea
972 1796 1082 1846 praeeo,
1107 1784 1166 1848 quia
1187 1783 1225 1832 illi
1247 1779 1366 1846 ἑρπετά,
1385 1798 1431 1833 nos

285 1878 335 1931 pro
354 1855 532 1932 adspiratione
555 1867 652 1918 illoram
671 1867 688 1916 S
705 1869 793 1917 littera
813 1869 901 1930 posita
922 1875 949 1916 ut
972 1865 1000 1920 tt
1024 1883 1074 1918 seso
1096 1864 1168 1917 ἑπτά
1190 1870 1308 1931 septem’
1345 1867 1435 1928 Quem

288 1951 410 2016 glossam
430 1952 484 2002 etsi
501 1966 647 2017 perperam
659 1951 807 2002 Daeierius
827 1951 957 2001 eumilla
977 1951 1168 2017 conglutinare
1188 1951 1393 2017 transponendo
1407 1956 1435 2001 et

205 2052 206 2062 ¹
252 2036 255 2042 '
289 2036 451 2101 corrigendo
469 2036 570 2096 voluit,
589 2040 684 2086 tamen
702 2037 769 2099 quin
787 2036 941 2085 Messallae
960 2037 1058 2104 auguri
1081 2037 1143 2101 ipsa
1162 2051 1270 2102 quoqne
1288 2035 1435 2086 tribuenda
1493 2061 1495 2066 ·

214 2179 216 2185 ,
263 2123 338 2181 -sit,
359 2122 414 2171 iam
434 2119 547 2171 dubium
567 2136 629 2171 esse
649 2123 756 2184 nequit.
791 2121 828 2171 At
846 2121 926 2170 datur
951 2123 1035 2170 etiam
1058 2121 1131 2170 ultra
1154 2123 1273 2186 prodire.
1309 2122 1434 2184 Namque

288 2207 313 2256 si
332 2219 394 2257 oum
414 2205 474 2256 loco
492 2201 572 2256 modo
592 2207 678 2256 citato
697 2207 862 2256 conferimus
881 2223 907 2272 p.
921 2209 971 2256 290
991 2209 1107 2271 ‘sappum
1119 2209 1218 2273 antiqui
1235 2207 1353 2256 dicebant
1365 2223 1436 2272 quem

288 2307 353 2340 nana
370 2292 484 2356 supinam
502 2293 606 2342 dicimus
624 2308 659 2342 ea
676 2307 783 2356 praeeo,
801 2291 920 2342 uidelicet
936 2307 986 2356 pro
1005 2293 1182 2355 adspiratione
1198 2300 1324 2356 ponentes
1344 2290 1377 2355 (s)
1396 2293 1436 2340 lit-

235 2442 237 2446 ,
289 2383 380 2435 teram,
399 2382 426 2425 ut
443 2391 497 2426 eam
514 2378 582 2425 idem
599 2377 673 2446 lrplas
692 2379 778 2427 diescat
796 2383 821 2425 et
839 2393 885 2426 nos
903 2378 992 2434 siloas,
1010 2379 1069 2428 item
1085 2374 1114 2426 ἕξ
1132 2392 1182 2426 sem
1194 2384 1219 2427 et
1231 2375 1302 2428 ema
1314 2379 1435 2441 septems’

290 2466 318 2510 et
336 2475 363 2524 p.
382 2463 431 2510 193
451 2460 498 2524 (of.
519 2461 635 2524 Paulus)
654 2461 758 2519 ‘Samia
777 2463 915 2518 sernodias,
934 2464 1076 2518 sementim
1095 2478 1145 2526 qua
1161 2466 1263 2512 ratione
1281 2478 1317 2514 ese
1337 2462 1435 2512 Graeco

214 2577 218 2582 -
289 2546 424 2595 manantur
442 2547 517 2594 etiam
535 2547 599 2602 alia,
619 2561 683 2610 qaae
700 2561 713 2594 s
732 2547 841 2596 litteram
857 2562 907 2610 pro
926 2548 1084 2610 aspiratione
1103 2561 1188 2596 eorum
1201 2531 1306 2606 11αό001,
1326 2554 1354 2596 ut
1365 2543 1437 2596 ἑπτά

288 2637 396 2695 septem,
415 2628 480 2680 ὕλαι
497 2632 586 2688 siloae,
609 2633 646 2679 sie
668 2632 718 2679 ista
741 2627 773 2680 alr
791 2647 820 2682 eo
840 2633 909 2698 quod
929 2633 967 2680 illi
987 2629 1069 2693 ἥμιευ
1092 2633 1178 2682 dieunt
1201 2633 1329 2682 declinata
1346 2634 1436 2680 sant’:

291 2719 409 2780 apparet
427 2715 497 2764 haee
516 2715 570 2764 tria
588 2731 623 2764 ex
643 2714 737 2764 eodem
756 2717 833 2766 fonte
851 2716 952 2766 hausta
972 2731 1041 2768 esse.
1067 2714 1120 2778 Qui
1138 2717 1200 2766 lons
1219 2723 1267 2766 aut
1286 2715 1370 2766 fallor
1389 2720 1437 2766 aut

289 2801 343 2850 luit
360 2799 511 2866 Messallae
530 2801 601 2850 liber
619 2800 657 2848 de
677 2800 842 2862 alitteris,
862 2817 878 2850 e
898 2815 950 2865 qno
971 2801 1106 2864 quaedam
1117 2801 1236 2866 protulit
1248 2800 1437 2863 Quintilianus

158 2895 174 2905 ²
218 2957 221 2963 Ι
271 2886 346 2946 ·Ι7,
365 2886 398 2934 23
417 2885 454 2934 ei.
473 2884 513 2936 IX
530 2887 556 2943 4,
574 2884 689 2943 38.Ι6,
711 2888 752 2936 15.
780 2886 956 2950 Quamquam
972 2901 1025 2936 nun
1044 2888 1142 2951 ignoro
1161 2887 1241 2938 huius
1260 2885 1324 2940 libri
1344 2889 1437 2936 auoto-

290 2983 348 3019 rem
362 2969 449 3035 ¹vulgo
467 2969 523 3020 diei
541 2969 578 3032 M.
598 2970 770 3022 Valerium
789 2971 987 3022 Messallam
1008 2971 1199 3032 Corvinum,
1218 2971 1370 3022 Messallae
1390 2985 1437 3021 au-

290 3054 366 3120 guris
386 3070 419 3104 ex
437 3053 525 3104 fratre
544 3055 665 3119 patrueli
684 3055 813 3121 nepotem
830 3083 865 3092 -
882 3072 937 3106 non
955 3056 1041 3106 filium
1064 3061 1095 3105 ut
1118 3057 1212 3122 placet
1230 3056 1438 3108 Graefenhanio

290 3139 364 3192 Hist¹
388 3139 456 3204 phil.
478 3141 582 3192 11374.
607 3141 646 3190 IV
664 3143 705 3194 60.
726 3143 773 3191 117
791 3166 838 3200 -,
864 3141 967 3192 clarum
990 3141 1151 3206 Augusteae
1176 3143 1278 3192 aetatis
1301 3145 1439 3192 oratorem
1491 3165 1494 3172 ·

292 3223 362 3290 (oos.
380 3224 585 3289 loccxxlss),
604 3227 747 3290 ipsumque
766 3226 967 3288 Quintilianum
986 3225 1019 3275 de
1038 3213 1090 3276 hoo
1109 3231 1220 3278 oratore
1240 3229 1380 3292 rogitasse
1399 3226 1439 3276 vi-

292 3311 392 3362 dentur
409 3313 524 3362 innuere
542 3311 628 3360 verba
646 3311 697 3371 17,
717 3313 750 3360 36
768 3315 823 3360 ‘ant
840 3313 898 3361 ideo
916 3314 995 3360 minus
1008 3311 1133 3362 Messalla
1150 3314 1270 3364 nitidus
1289 3315 1348 3377 quia
1366 3327 1440 3377 quos-

207 3449 211 3454 ,
293 3398 351 3446 dam
369 3404 435 3447 totos
454 3397 552 3446 libellos
569 3411 621 3445 000
635 3395 720 3445 oerlris
737 3398 810 3446 moda
828 3397 945 3460 simpatia,
962 3399 1103 3446 sedetiam
1121 3399 1213 3447 litteris
1231 3399 1322 3448 dedit.²
1359 3397 1395 3450 01.
1415 3396 1440 3444 X

293 3483 322 3544 1,
347 3483 395 3530 113
420 3485 463 3530 ‘at
487 3478 612 3530 Messalla
635 3475 758 3530 nitidus
782 3489 807 3530 et
828 3475 968 3532 candidns'
993 3497 1015 3532 0.
1036 3497 1062 3547 q.
1082 3499 1104 3534 s.
1145 3483 1246 3534 Verum
1270 3498 1305 3534 ne
1329 3481 1438 3543 Quinti-

291 3562 362 3614 liani
385 3564 494 3630 quidem
512 3565 658 3614 memoriae
677 3565 706 3614 in
725 3565 776 3615 tali
796 3564 896 3617 caussa
914 3567 995 3617 nimis
1015 3565 1157 3618 confidam.
1195 3567 1312 3618 Gravius
1332 3565 1440 3631 quidem

220 3683 224 3691 ι
292 3650 366 3715 lapsi
386 3655 450 3700 sunt
474 3651 520 3714 qui
539 3650 574 3700 ad
592 3649 752 3700 Messallam
772 3655 908 3702 oratorem
928 3652 1013 3702 etiam
1033 3653 1184 3717 auguralia
1198 3653 1303 3718 scripta
1325 3651 1440 3701 rettule-

293 3739 357 3786 runt
378 3735 491 3786 Vossius
512 3735 548 3785 'de
572 3734 636 3786 hist.
656 3736 720 3788 Lat.
743 3737 757 3786 Ι
780 3739 812 3788 18
834 3753 860 3802 p.
880 3739 921 3788 89.
945 3737 1091 3788 Harlesius
1114 3737 1219 3790 Introd.
1243 3738 1272 3786 in
1294 3737 1374 3789 notit.
1397 3735 1439 3785 lit.

293 3837 359 3871 rom.
372 3821 401 3870 II
413 3836 442 3886 p.
455 3823 513 3873 348.
533 3822 701 3886 Passowius,
720 3820 777 3881 alii,
796 3827 872 3872 reete
890 3824 1016 3872 001011κο
1028 3823 1132 3874 Wiesio
1150 3823 1184 3874 de
1200 3825 1238 3876 M.
1250 3821 1357 3873 Valerii
1369 3821 1440 3870 Mes-

293 3906 382 3958 sallae
403 3905 515 3957 Corvini
533 3909 593 3956 vita
613 3911 640 3956 et
658 3905 729 3956 stud.
743 3907 885 3959 doctrinae
898 3908 990 3959 Berol.
1004 3909 1070 3961 1829
1082 3925 1108 3973 p.
1122 3907 1163 3958 76.
1188 3909 1247 3962 Nec
1259 3921 1326 3959 vero
1338 3906 1441 3956 maiore

294 3993 354 4041 iure
377 3991 432 4041 XII
455 3991 613 4040 tabularum
636 3990 713 4040 illam
739 3993 963 4058 explanationem
990 3998 1018 4043 et
1040 3993 1128 4043 libros
1150 3995 1182 4043 de
1206 3993 1290 4044 dietis
1316 3991 1440 4044 involute

294 4075 383 4127 eidem
402 4075 544 4127 vindicant
562 4075 635 4125 idem
653 4075 801 4127 Harlesius
818 4095 845 4142 p.
858 4080 908 4129 347
928 4083 955 4128 01
973 4061 1223 4133 Fisoherus'labb.
1238 4079 1439 4129 (theutmirum.

294 4177 320 4226 p.
339 4163 404 4226 369,
424 4176 504 4227 quam
523 4176 579 4212 rem
599 4161 628 4210 in
646 4162 736 4212 medio
753 4163 886 4226 relinquit
904 4163 1024 4214 Wiesius
1043 4163 1060 4217 l.
1073 4179 1098 4214 o.
1118 4165 1234 4215 Omnino
1253 4163 1441 4230 grammatioie

245 4302 249 4310 Ι
295 4246 393 4296 studiis
411 4245 572 4296 Messallam
592 4245 738 4298 Corvinum
757 4263 890 4312 -quem
909 4248 1080 4301 ‘Corvinum’
1100 4249 1264 4314 simpliciter
1282 4251 1382 4300 Festus
1401 4246 1441 4296 di·

296 4331 334 4380 oit
351 4347 377 4398 p.
396 4333 446 4383 359
463 4359 498 4368 -
515 4347 626 4398 operam
645 4347 764 4384 navasse
784 4332 894 4383 aliunde
918 4350 972 4386 non
996 4334 1126 4386 discimus
1144 4350 1233 4399 neque
1253 4351 1315 4386 eam
1332 4337 1360 4384 in
1379 4321 1456 4400 par-¹
