3282 4992
276 267 319 331 70
698 275 810 323 csrvr
833 273 1000 322 1111111111·

276 434 384 501 Gellio
400 433 500 498 citata
515 430 745 514 coniungenda
767 438 852 494 sunt.
883 427 998 514 Neque
1018 435 1127 492 tamen
1145 426 1223 491 inde
1243 449 1317 491 cum
1332 425 1418 490 Veh·

275 536 349 601 leno
366 533 507 600 efficiam
522 531 604 596 duas
617 529 688 596 XII
700 529 887 596 tabularum
903 529 991 615 leges
1006 530 1055 594 ita
1069 550 1160 593 orsas
1177 550 1266 610 esse,
1282 551 1418 615 quarum

276 645 384 703 utram
399 636 513 701 Cicero
528 634 682 720 respiciat
697 632 786 697 haud
801 633 881 696 satis
896 631 1038 718 liquere:
1061 653 1137 696 nam
1152 631 1313 696 eiusmodi
1328 652 1419 716 repe-

275 741 425 806 titionem
441 736 575 804 obtrudi
591 734 725 799 minime
740 735 866 820 patitur
881 733 1049 798 succincta
1070 732 1291 797 decemvirum
1310 732 1418 798 brevi·

276 853 338 908 tas.
368 840 434 906 Sed
449 837 594 905 Gellium
609 837 719 923 potius
736 857 827 902 sumo
844 835 1087 922 perspicuitatis
1109 835 1291 900 caussa'ex
1310 835 1419 920 priore

277 943 348 1029 lege
364 949 409 1007 ‘si
421 948 453 1006 in
467 948 514 1006 ius
529 953 627 1016 vocat,
643 943 700 1003 ito’
717 987 724 1002 .
743 988 749 1002 .
771 939 836 1002 ista
852 937 954 1003 verba
969 937 1012 1001 ad
1028 935 1164 1002 alteram
1179 956 1307 1023 quoque
1326 958 1420 1003 revo-

277 1067 381 1111 casse.
1249 1055 1253 1060 ’

361 1145 434 1210 Iam
448 1166 526 1211 vero
539 1165 667 1209 cum-ex
678 1143 884 1230 paucissimis
896 1143 1041 1229 ipsorum
1053 1136 1201 1207 veterum
1213 1142 1419 1221 testimoniis,
1468 1223 1470 1229 A

275 1247 362 1313 unde
389 1247 430 1312 de
455 1247 553 1311 unius
579 1245 758 1312 alteriusve
783 1243 961 1329 fragmenti
984 1246 1062 1308 sede
1087 1244 1241 1308 certiores
1263 1243 1344 1310 facti
1371 1265 1422 1308 su·

276 1373 349 1415 mus
359 1351 394 1436 ¹),
411 1349 451 1414 de
466 1348 621 1414 universo
644 1347 754 1433 legum
777 1347 888 1412 ordine
910 1369 1065 1432 umquam
1085 1345 1287 1410 restituendo
1308 1344 1421 1432 despe-

278 1450 420 1517 randum
435 1451 495 1534 sit,
516 1471 591 1516 cum
611 1459 720 1515 tamen
740 1450 783 1514 ad
799 1448 942 1536 aliquam
956 1457 1045 1513 certe
1060 1470 1208 1514 normam
1223 1469 1358 1513 necesse
1378 1448 1423 1513 sit

279 1553 465 1638 fragmenta
491 1553 638 1639 disponi,
667 1561 700 1616 et
724 1552 925 1617 tutissimum
950 1551 1061 1616 visum
1084 1561 1134 1616 est
1160 1559 1192 1616 et
1216 1549 1422 1638 aptissimum

277 1654 440 1721 Dirkseni
456 1654 602 1720 ordinem
618 1643 759 1719 retinere
780 1663 812 1719 et
833 1651 998 1719 subtiliter
1013 1653 1236 1739 excogitatum
1257 1661 1290 1718 et
1304 1653 1421 1740 proba-

276 1755 388 1822 biliter
409 1754 632 1844 obseruatum.
667 1755 787 1842 ‘Neque
808 1755 894 1819 enim
915 1777 1023 1820 meum
1043 1765 1093 1821 est
1118 1777 1237 1820 novam
1260 1755 1421 1820 rationem

277 1878 448 1944 quaerere,
464 1864 498 1921 et
512 1846 805 1944 omnino'praestat
827 1858 862 1920 in
877 1856 929 1922 his
953 1856 1027 1922 usui
1048 1879 1146 1944 quam
1165 1857 1285 1922 rationi
1306 1879 1421 1923 consu-

277 1959 355 2026 lere.
370 1957 486 2046 ltaque
500 1958 564 2041 nisi
579 1959 615 2023 in
630 1958 676 2024 eis
692 1981 775 2048 quae
791 1981 892 2046 supra
903 1961 1013 2024 monui
1024 1958 1078 2025 vel
1088 1981 1223 2046 prorsus
1235 1957 1423 2024 abiicienda

277 2059 330 2127 vel
345 2059 501 2125 addenda
514 2058 568 2126 vel
583 2081 657 2124 eum
673 2061 746 2126 aliis
763 2061 992 2147 coniungenda
1007 2083 1097 2142 esse,
1113 2082 1292 2147 numquam
1307 2060 1350 2127 ab
1366 2058 1421 2125 illo

278 2162 447 2228 discedere
460 2161 612 2248 religioni
626 2162 740 2248 habui,
756 2173 883 2230 netum
899 2163 1042 2250 quidem,
1059 2164 1087 2228 si
1103 2162 1333 2250 quando'ratio
1349 2185 1423 2227 eum

277 2262 435 2329 fefellisse
450 2263 628 2330 videretur.
658 2267 711 2332 Ita
726 2265 814 2354 quod
827 2265 882 2331 III
898 2266 916 2329 7
933 2263 1108 2331 collocavit
1128 2269 1292 2329 ‘Adversus
1312 2268 1422 2329 hostem
1456 2303 1458 2306 -

279 2376 402 2430 0010100
417 2372 597 2431 auctoritas'
611 2367 650 2452 ²),
666 2369 827 2454 exipsius
844 2366 981 2433 consilio
1003 2377 1143 2432 sextae
1163 2366 1273 2453 potius
1288 2365 1422 2431 tabulae

277 2490 351 2532 cum
368 2467 484 2534 ceteris
502 2469 543 2533 de
557 2469 756 2555 usucapione
772 2462 954 2557 praeceptis
971 2470 1074 2537 tribui
1090 2468 1243 2534 debebat.
1259 2467 1322 2533 Ille
1335 2468 1422 2532 enim

278 2567 449 2637 collocatio
488 2579 525 2634 ut
562 2591 628 2636 non
664 2569 853 2636 defenditur
896 2573 994 2635 nimis
1035 2569 1184 2657 quaesito
1228 2578 1421 2656 argumento

278 2693 310 2756 p.
323 2671 387 2735 222
402 2693 461 2758 sq,
478 2673 524 2736 ita
540 2693 580 2736 ne
596 2673 668 2758 ipso
684 2673 816 2759 quidem
832 2696 896 2760 quo
917 2674 1067 2738 innititur
1082 2671 1146 2738 Gai
1162 2671 1234 2738 loco
1249 2671 1349 2737 fidem
1371 2693 1422 2736 ae·

279 2772 370 2858 cipit.
403 2773 467 2853 Qui
493 2796 567 2838 eum
592 2776 627 2837 in
652 2773 736 2839 libro
762 2773 797 2839 ΙΙ
824 2776 865 2838 ud
886 2774 992 2859 legem
1011 2774 1081 2839 XII
1102 2774 1194 2840 tabb.
1216 2775 1274 2858 (Ι).
1293 2773 1346 2856 50,
1371 2773 1421 2856 16,

278 2873 342 2938 234
356 2880 421 2960 pr.)
438 2877 550 2940 ‘tosus'
565 2875 732 2942 notionem
753 2875 998 2963 explanaverit,
1021 2876 1056 2940 id
1077 2875 1147 2940 sine
1168 2875 1270 2942 dubio
1292 2898 1330 2942 eo
1351 2875 1421 2944 locu
1475 2940 1480 2949 ,

281 3031 482 3042 -ι----

348 3131 367 3197 ¹)
386 3132 456 3185 Sunt
479 3139 572 3185 autem
594 3140 707 3200 praeter
726 3119 869 3187 Ciceronis
893 3136 983 3186 locum
1005 3134 1085 3186 modo
1107 3139 1287 3187 memoratum
1310 3134 1344 3187 de
1366 3135 1422 3202 leg.

278 3219 348 3282 114,
368 3222 384 3270 9
403 3217 451 3284 (ci.
477 3219 512 3270 ad
530 3220 650 3274 Herenn.
669 3221 697 3271 II
716 3223 756 3285 13,
777 3221 819 3286 19)
842 3220 913 3272 unde
938 3219 971 3271 de
994 3221 1073 3271 initio
1093 3223 1216 3284 constat,
1240 3224 1269 3270 et
1287 3221 1366 3272 Festi
1388 3220 1422 3271 de

279 3305 386 3354 caussis
409 3303 465 3355 diei
489 3303 655 3356 diffendendi
679 3305 758 3356 111Τ.
777 3306 804 3355 II
827 3307 932 3356 notatis
955 3305 1040 3356 haec:
1064 3306 1180 3370 Dionys.
1198 3305 1263 3356 Hal.
1286 3306 1365 3358 112⁷
1389 3305 1422 3356 de

278 3388 454 3440 filiifamilias
473 3391 694 3455 emancipatione
714 3391 742 3440 111
761 3390 793 3439 Τ.
806 3391 845 3440 IV
862 3395 991 3456 recepta;
1011 3390 1155 3442 Ciceronis
1173 3390 1206 3440 de
1225 3390 1280 3456 leg.
1293 3389 1322 3442 ΙΙ
1334 3391 1376 3452 25,
1389 3392 1423 3440 64

278 3474 458 3524 defunctum
477 3475 654 3525 caerimoniis
672 3476 853 3541 praescriptis
872 3477 901 3526 111
919 3476 950 3528 Τ.
968 3477 1006 3540 Χ,
1025 3475 1163 3527 Macrobii
1180 3476 1194 3527 I
1214 3478 1259 3538 13,
1278 3477 1309 3525 21
1328 3474 1361 3526 de
1379 3476 1423 3526 t'a-

279 3558 346 3622 stis,
373 3558 440 3608 item
464 3557 608 3609 Ciceronis
631 3559 664 3610 de
687 3576 744 3625 rep.
768 3560 796 3610 II
820 3563 861 3624 37,
884 3562 917 3612 63
939 3565 968 3613 et
990 3562 1107 3626 Dionys.
1125 3559 1165 3612 XI
1187 3562 1220 3611 28
1247 3559 1281 3610 de
1304 3559 1422 3611 conubio

278 3647 387 3710 patrum
406 3641 566 3709 complebo
584 3645 673 3696 vetito
691 3645 720 3695 in
738 3644 874 3696 alterutra
893 3646 1051 3698 ultimarum
1069 3645 1226 3697 tabularum
1245 3638 1423 3696 exhibitis-

279 3727 379 3794 quibus
398 3729 481 3779 etiam
499 3733 605 3780 statuta
628 3729 660 3780 de
685 3731 758 3780 aeris
783 3730 870 3782 alieni
892 3731 1025 3782 iudicetis
1047 3729 1160 3780 nimium
1183 3734 1214 3780 ut
1236 3731 1291 3796 ipsi
1313 3730 1423 3780 videtur

280 3811 406 3865 crudelia
425 3813 561 3866 contineri
580 3831 613 3865 ex
632 3814 775 3867 Ciceronis
798 3816 832 3867 de
852 3833 909 3882 rep.
934 3816 954 3870 l.
974 3832 998 3871 0.
1016 3816 1121 3878 iniuria
1144 3814 1283 3866 concludit
1300 3815 1422 3866 Niebuh-

278 3899 336 3950 rius
353 3899 390 3953 H.
408 3899 441 3948 R.
460 3899 488 3950 11
505 3916 532 3965 p.
552 3901 616 3964 374,
639 3900 740 3965 probat
764 3901 952 3968 Goettlingius
974 3902 1048 3951 Hist.
1067 3901 1136 3967 reip.
1160 3900 1192 3953 R.
1211 3916 1236 3965 p.
1256 3901 1319 3962 3223
1345 3898 1422 3950 deni·

279 3997 332 4050 que
349 3983 466 4050 Ulpiani
484 3985 520 4035 D.
539 3987 580 4049 38,
599 3986 624 4045 6,
645 3987 712 4051 lpr.
730 3985 802 4037 unde
819 3988 849 4037 in
868 3987 1024 4052 praeceptis
1044 3985 1077 4035 de
1096 3985 1229 4036 bonorum
1248 3985 1422 4050 possessione

278 4070 425 4121 transitum
445 4086 462 4121 a
479 4071 593 4121 testatis
612 4069 647 4122 ad
664 4070 812 4123 intestatos
832 4071 936 4122 factum
956 4085 1017 4123 esse
1038 4071 1227 4136 comperimus.
1271 4109 1273 4114 .

346 4151 367 4218 ²)
387 4155 421 4205 de
441 4170 493 4221 quo
512 4155 549 4208 ci.
567 4143 676 4206 Puchta
694 4154 788 4210 seivit.
806 4155 888 4207 Aba:
906 4173 933 4223 p.
953 4159 967 4207 1
986 4172 1046 4223 sqq.
1071 4155 1251 4207 Schroeterus
1270 4154 1350 4207 Obss.
1370 4156 1421 4205 iur.

280 4239 332 4290 civ.
355 4255 382 4304 p.
401 4239 434 4290 52
457 4255 517 4307 sqq.
549 4239 733 4293 Mommsenus
756 4241 790 4292 de
814 4241 982 4294 auctoritate
1001 4241 1016 4305 ἕ
1034 4243 1058 4293 3.
1087 4239 1294 4292 Schoemsnnus
1318 4241 1421 4308 Opusc.

279 4323 400 4376 111409.
