3282 4970
780 275 917 350 pluvii
941 303 1006 348 u..

859 456 888 518 9.
915 505 917 511 .
1303 481 1306 488 ·
1487 509 1491 514 .

390 555 471 621 eod.
494 557 523 637 3,
547 557 599 642 36,
623 555 652 620 6.
678 557 761 641 Imp.
777 555 966 620 Gordianus
990 557 1031 620 A.
1049 557 1228 642 Pomponio
1244 556 1351 624 militi.
1387 558 1452 622 ‘Ea

305 679 388 744 quae
406 658 444 722 in
465 656 652 725 nominibus
676 667 752 722 sunt
773 679 840 721 non
861 658 1024 743 recipiunt
1046 657 1258 740 diuisionem,
1281 680 1355 723 cum
1378 660 1451 746 ipso

304 759 375 822 iure
396 759 431 822 in
452 759 617 844 portiones
645 757 860 824 hereditarias
890 781 932 826 ex
959 758 1044 844 lege·
1060 757 1235 824 duodecim
1262 760 1452 826 tabularum
1478 791 1481 797 ·

305 860 414 926 diuisa
436 866 540 925 sunt'
938 887 941 890 ·

839 966 856 1004 a

390 1063 495 1129 Gaius
524 1060 636 1127 LVII
663 1013 706 1127 ad
734 1063 785 1128 ed.
814 961 915 1150 ροοΙιῗ.ο
941 1063 1018 1148 Dig.
1044 1063 1099 1146 10,
1122 1064 1143 1126 2
1167 1009 1339 1148 (Familiae
1370 1066 1450 1130 erci-

305 1165 525 1261 scundae),ll
549 1184 598 1250 pr.
644 1163 753 1229 ‘Haec
776 1159 861 1230 actio
884 1163 1104 1251 proficiscitur
1132 1187 1149 1230 e
1177 1162 1249 1250 lege
1277 1165 1451 1232 duodecim

304 1380 425 1436 tronum,
450 1374 474 1423 si
496 1372 647 1425 intestatus
668 1377 789 1422 mortuus
814 1375 889 1423 esset
910 1371 1027 1423 libertus
1050 1370 1126 1423 nullo
1145 1386 1194 1422 suo
1217 1371 1321 1423 herede
1339 1372 1450 1432 relicto'

307 1476 331 1509 e.
345 1474 372 1524 q.
385 1475 408 1510 s.
429 1459 464 1510 cf.
477 1459 519 1508 46.
532 1460 573 1509 49,
587 1459 627 1508 51.
657 1458 726 1507 Iust.
739 1457 807 1507 Inst.
822 1459 844 1514 1.
859 1460 890 1508 17
904 1455 1002 1520 (Gaius
1014 1456 1108 1510 Iust‘I
1122 1457 1180 1519 165)
1199 1457 1251 1507 ‘Ex
1272 1455 1368 1508 eadem
1387 1456 1450 1524 lege

305 1545 361 1596 XII
378 1533 536 1594 tabularum
554 1541 716 1592 libertorum
735 1545 763 1592 et
780 1542 943 1592 libertatum
965 1541 1056 1592 tutela
1080 1525 1125 1590 ad*
1138 1545 1269 1609 patronos
1290 1541 1450 1608 liberosque

305 1645 398 1678 eorum
416 1629 550 1693 pertinet,
574 1642 646 1690 'quae
672 1627 779 1692 etipsa
802 1625 929 1691 legitima
947 1626 1035 1676 tutela
1052 1630 1168 1679 uocatur
1186 1661 1300 1678 .....
1321 1643 1353 1676 eo
1376 1629 1449 1679 enim
1474 1655 1477 1662 ·

302 1715 364 1780 ipso
382 1712 453 1778 quod
464 1713 635 1776 hereditates
648 1711 808 1761 libertorum
826 1710 1052 1776 libertorumque,
1073 1712 1098 1761 s'i
1109 1711 1238 1760 intestati
1251 1711 1449 1773 decessissent,

303 1799 425 1848 iusserat
442 1797 488 1846 lex
507 1794 542 1845 ad
559 1799 691 1860 patronos
709 1794 847 1866 liberosue
868 1811 960 1847 eorum
978 1797 1130 1861 pertinere,
1150 1795 1328 1846 crediderunt
1338 1801 1450 1848 ueteres

303 1883 424 1934 uoluisse
442 1881 533 1945 legem
552 1880 636 1940 etiam
648 1879 752 1934 tutelas
772 1879 806 1929 ad
825 1896 872 1932 eos
891 1881 1042 1946 pertinere’
1062 1896 1085 1952 e.
1100 1897 1124 1944 q.
1138 1895 1160 1930 s.
1180 1879 1316 1948 leianus
1330 1881 1450 1946 Dima,

302 1971 328 2031 4,
349 1971 364 2018 3
382 1983 423 2032 pr.
441 1967 456 2028 §
475 1963 499 2018 1.
535 1965 704 2031 Theophilus
722 1965 786 2018 Par.
806 1963 825 2014 l.
843 1963 861 2013 l.
879 1965 971 2014 ταῦτα
993 1963 1057 2028 περὶ
1081 1963 1218 2026 εὐγενῶν·
1242 1962 1334 2015 ἐλθὼν
1357 1965 1387 2016 δὲ
1410 1962 1459 2017 εἰε-

203 2116 207 2126 .
304 2051 372 2102 'robe
391 2046 597 2114 ἀπελευθέρου(
616 2048 698 2100 εἶπεν
711 2047 762 2112 (sc.
776 2048 792 2098 ὁ
805 2047 1059 2114 δοωδεκάδελτοε)·
1079 2046 1128 2100 ἐὰν
1146 2047 1338 2113 ἀπελεύθερος
1350 2049 1368 2114 ἢ
1382 2049 1451 2102 ἀπε-

305 2133 423 2200 λευθέρα
441 2132 556 2185 ἄπαιδες
575 2133 620 2184 καὶ
639 2132 779 2186 ἀδιάθετοι
796 2131 1016 2196 τελευτήεωειν,
1039 2133 1094 2196 τὴν
1116 2132 1233 2184 τούτων
1257 2127 1451 2199 κληρονομίαν
1478 2136 1481 2141 ’

304 2219 332 2272 οἱ
350 2218 513 2284 π’ἀτρωνεε,
533 2217 624 2282 ἤγονν
642 2215 669 2274 oi
687 2217 785 2270 nuthet
803 2220 863 2268 τῶν
882 2215 1046 2281 πατρώνων
1063 2216 1245 2281 διαδέχονται.
1268 2219 1380 2285 Fragm.
1394 2221 1450 2270 Va-

304 2307 400 2356 ticana
413 2306 428 2366 ἓ
441 2305 491 2355 308
509 2307 518 2333 ‘
522 2307 550 2352 et
562 2303 634 2352 sicut
646 2305 675 2352 in
688 2303 740 2352 XII
754 2303 856 2352 tabulis
870 2305 980 2368 patroni
993 2302 1182 2368 appellatione
1202 2303 1286 2353 etiam
1304 2304 1387 2354 liberi
1399 2320 1449 2370 pa-

303 2392 377 2440 troni
395 2389 585 2448 continentur,
605 2389 646 2437 tta
665 2391 693 2439 et
710 2389 740 2437 in
757 2387 810 2437 bac
829 2387 912 2452 lege.’
948 2388 984 2440 cf.
1002 2387 1139 2453 leianus
1159 2388 1192 2440 fr.
1205 2387 1245 2438 XI
1264 2378 1288 2443 3‘.
1312 2391 1404 2459 XXIX
1422 2394 1448 2444 6.

303 2476 368 2541 Dig.
388 2477 429 2534 26,
448 2475 473 2537 4,
494 2476 517 2522 1.
536 2473 551 2523 5
570 2488 610 2537 pr.
630 2475 671 2535 37,
693 2473 731 2531 14,
751 2473 792 2525 11.
812 2474 843 2523 17
861 2488 901 2537 pr.
1096 2512 1101 2522 .
1337 2490 1342 2497 ·

370 2561 395 2610 9.
414 2557 518 2608 Paulus
530 2557 549 2608 l.
563 2556 658 2606 XXIII
677 2555 711 2606 ad
724 2556 774 2606 Ed.
799 2558 863 2622 Dig.
879 2559 919 2619 10,
938 2559 962 2616 2,
981 2559 1014 2608 25
1032 2559 1075 2618 §9
1094 2557 1147 2608 ‘An
1165 2574 1200 2608 ea
1218 2548 1373 2624 stipulatio,
1392 2575 1449 2624 qua

303 2645 407 2710 singuli
424 2643 542 2693 heredes
559 2642 589 2690 in
607 2640 723 2691 solidum
740 2642 846 2692 habent
864 2643 999 2692 actionem
1017 2643 1114 2693 ueniat
1132 2644 1161 2692 in
1179 2643 1230 2692 hoc
1249 2643 1381 2693 iudicium
1399 2645 1448 2694 du·

302 2730 434 2780 bitatur.
456 2769 462 2782 .
483 2767 489 2780 .
509 2728 601 2800 aquia
618 2727 684 2776 talis
703 2725 847 2791 stipulatio
867 2726 1023 2793 perlegam
1046 2727 1101 2779 XII
1118 2727 1276 2778 tabularum
1299 2745 1353 2779 non
1377 2730 1447 2779 diui-

303 2813 391 2875 ditur,
411 2812 476 2877 quia
494 2827 546 2862 nec
565 2815 666 2876 potest.
701 2812 716 2872 13·
736 2814 767 2862 13
785 2810 861 2860 Idem
879 2813 948 2861 iuris
969 2816 1010 2862 est
1028 2813 1057 2861 in
1075 2813 1195 2876 pecunia
1213 2813 1348 2878 promissa
1371 2831 1388 2864 a
1407 2807 1469 2866 te-¹

303 2903 424 2962 statere,
445 2898 469 2948 si
487 2897 537 2948 sub
556 2911 646 2961 poena
664 2897 800 2961 promissa
819 2897 867 2946 sit:
886 2910 950 2946 nam
968 2897 1037 2962 ltcet
1053 2897 1124 2947 haec
1146 2896 1282 2962 obligatio
1306 2898 1447 2956 diuidatur

303 2999 353 3048 per
370 2983 460 3048 legem
478 2981 533 3033 XlI
550 2979 723 3043 tabularum,
742 2985 849 3047 tamen,
868 2981 934 3045 quia
952 2980 1069 3031 nihilum
1086 2981 1200 3047 prodest
1212 2982 1246 3031 ad
1259 2998 1376 3048 poenam
1390 2986 1446 3035 eui-

287 3068 416 3119 tandam
435 3071 543 3134 partem
562 3078 639 3116 suam
657 3064 778 3130 soluere,
790 3067 857 3122 ,siue
875 3065 993 3119 nondum
1006 3066 1098 3116 soluta
1112 3071 1154 3116 est
1165 3069 1297 3132 pecunia,
1317 3085 1368 3120 nec
1387 3069 1446 3121 dies

301 3155 388 3217 uenit,
408 3151 631 3219 prospiciendum
645 3154 688 3202 est
700 3167 749 3216 per
768 3151 945 3202 cautionem.
966 3187 973 3201 .
1046 3189 1052 3204 .
1072 3187 1078 3199 .
1098 3151 1157 3200 siue
1177 3152 1260 3202 etiam
1280 3152 1363 3203 soluit
1375 3170 1446 3206 unus

301 3224 635 3304 uniuersam’pecuniam,
656 3252 736 3301 quam
754 3235 900 3301 defunctus
918 3235 1042 3301 promisit
1060 3251 1094 3286 ne
1112 3251 1203 3302 poena
1221 3239 1448 3304 committeretur,

302 3324 427 3376 familiae
447 3321 625 3372 erciscundae
643 3320 746 3372 iudicio
761 3338 777 3370 a
791 3321 973 3372 coheredibus
984 3324 1078 3386 partes
1091 3321 1214 3386 recipere
1227 3312 1351 3387 poterit!
1375 3323 1406 3378 Ο.
1420 3327 1445 3388 2,

302 3415 327 3472 3,
346 3411 378 3458 26
397 3407 524 3457 ‘Pactum
547 3421 737 3458 successorum
763 3406 895 3472 debitoris
920 3423 953 3456 ex
975 3406 1039 3471 lege
1058 3405 1203 3456 duodecim
1221 3407 1377 3459 tabularum
1396 3416 1464 3461 aes'

301 3493 423 3543 alienum
442 3492 639 3544 hereditarium
657 3507 706 3557 pro
724 3491 896 3561 portIonibus
917 3491 1052 3555 quaesitis
1071 3489 1188 3556 singulto
1212 3493 1273 3559 ipso
1295 3493 1355 3544 iure
1374 3495 1444 3544 diui-

302 3594 361 3630 sum
380 3577 543 3628 insolidum
561 3589 645 3628 unum·
664 3577 788 3642 obligare
807 3576 938 3626 creditori
951 3591 1005 3625 non
1017 3580 1129 3641 potest.’
1165 3576 1197 3641 O,
1208 3578 1234 3640 4,
1248 3578 1318 3640 rat
1337 3575 1445 3628 ‘Credi-

301 3668 375 3714 tores
394 3661 578 3713 hereditarios
597 3662 728 3713 aduersus
746 3661 900 3727 legatarios
918 3677 973 3710 non
991 3661 1094 3712 habere
1113 3661 1287 3726 personalem
1306 3663 1444 3714 actionem

303 3749 447 3810 conuenit,
474 3748 575 3813 quippe
600 3763 660 3798 curn
678 3732 891 3798 'auiuentissime
914 3746 960 3797 lex
982 3746 1125 3796 duodecim
1148 3746 1306 3797 tabularum
1329 3748 1445 3798 heredes

301 3835 365 3882 huic
377 3835 418 3883 rei
431 3834 520 3882 faciat
533 3832 686 3892 'obnoxios’
712 3831 742 3881 0.
756 3835 780 3882 8.
794 3833 826 3882 32
841 3828 906 3898 [31]‚
921 3834 934 3881 1
948 3831 1104 3881 ‘Manifesti
1118 3836 1146 3881 et
1158 3831 1308 3882 indubitati
1321 3832 1389 3883 iuris
1403 3837 1447 3884 cst

301 3920 433 3970 defuncto
453 3919 589 3970 creditore
607 3917 702 3967 multis
720 3916 827 3968 relictis
844 3915 993 3967 heredibus
1016 3917 1155 3966 actionem
1178 3916 1289 3990 quidem
1311 3932 1444 3982 persona-

302 4005 355 4056 lem
374 4008 446 4056 inter
466 4020 512 4055 eos
533 4021 567 4054 ex
579 4003 641 4068 lege
654 4003 798 4052 duodecim
811 4001 969 4051 tabularum
983 4002 1083 4064 diuidi,
1096 4002 1196 4066 pignus
1208 4017 1274 4052 uero
1286 4002 1315 4051 in
1327 4003 1444 4052 solidum

301 4091 448 4155 unicuique
462 4089 570 4139 teneri?
607 4088 637 4138 0.
652 4091 676 4153 8,
689 4089 721 4139 36
736 4083 803 4154 [35],
819 4088 831 4135 1
850 4087 1009 4150 ‘Debitores
1027 4087 1136 4150 quidem
1154 4086 1317 4142 hereditarii
1338 4088 1444 4138 unicui·

302 4190 353 4240 que
371 4175 502 4230 heredum
521 4190 570 4238 pro
588 4173 714 4238 portione
732 4170 902 4222 hereditaria
920 4173 1036 4237 antiqua
1054 4171 1116 4237 lege
1135 4171 1253 4238 obligati
1271 4175 1355 4225 sunt.’

370 4263 409 4313 10,
429 4259 464 4309 cf.
477 4259 589 4309 Paulus
607 4259 675 4317 Exc.
696 4273 729 4307 ex
747 4258 830 4308 Festo
848 4274 874 4322 p.
888 4259 920 4306 82
934 4257 971 4308 M.
990 4257 1115 4306 ‘Eretum
1134 4255 1296 4323 citum[quc]
1318 4257 1349 4307 fit
1371 4243 1445 4308 inter

303 4350 458 4408 consortes,
477 4348 507 4392 ut
525 4347 553 4394 in
572 4345 651 4394 libris
669 4342 761 4408 legum
780 4344 963 4393 Rornanorum
982 4343 1090 4407 legitur.
1120 4349 1225 4393 erctum
1250 4361 1265 4393 a
1288 4345 1444 4394 coercendo
