<?xml version="1.0" encoding="UTF-8"?>
<!DOCTYPE html PUBLIC "-//W3C//DTD XHTML 1.0 Transitional//EN"
    "http://www.w3.org/TR/xhtml1/DTD/xhtml1-transitional.dtd">
<html xmlns="http://www.w3.org/1999/xhtml" xml:lang="en" lang="en">
 <head>
  <title>
</title>
<meta http-equiv="Content-Type" content="text/html;charset=utf-8" />
  <meta name='ocr-system' content='tesseract 3.04.00' />
  <meta name='ocr-capabilities' content='ocr_page ocr_carea ocr_par ocr_line ocrx_word'/>
</head>
<body>
  <div class='ocr_page' id='page_1' title='image "./legisdvodecimta02schgoog/legisdvodecimta02schgoog_0116.png"; bbox 0 0 3282 4970; ppageno 0'>
   <div class='ocr_carea' id='block_1_1' title="bbox 353 288 1396 375">
    <p class='ocr_par' dir='ltr' id='par_1_1' title="bbox 353 288 1396 375">
     <span class='ocr_line' id='line_1_1' title="bbox 353 288 1396 375; baseline 0.008 -28"><span class='ocrx_word' id='word_1_1' title='bbox 353 297 909 362; x_wconf 73' lang='lat' dir='ltr'><strong>onx11msvnnnvunsmou1s</strong></span> <span class='ocrx_word' id='word_1_2' title='bbox 933 300 1220 355; x_wconf 81' lang='lat' dir='ltr'><strong>cousrmvnums.</strong></span> <span class='ocrx_word' id='word_1_3' title='bbox 1315 288 1357 354; x_wconf 86' lang='lat'><strong>99</strong></span> <span class='ocrx_word' id='word_1_4' title='bbox 1395 372 1396 375; x_wconf 8' lang='grc' dir='ltr'><strong>Ἴ</strong></span> 
     </span>
    </p>
   </div>
   <div class='ocr_carea' id='block_1_2' title="bbox 171 456 1427 3404">
    <p class='ocr_par' dir='ltr' id='par_1_2' title="bbox 171 456 1360 1150">
     <span class='ocr_line' id='line_1_2' title="bbox 171 456 1358 537; baseline 0.005 -19"><span class='ocrx_word' id='word_1_5' title='bbox 171 475 173 479; x_wconf 94' lang='grc'><strong><em>·</em></strong></span> <span class='ocrx_word' id='word_1_6' title='bbox 208 458 309 537; x_wconf 80' lang='lat' dir='ltr'><strong>furto,</strong></span> <span class='ocrx_word' id='word_1_7' title='bbox 325 459 405 534; x_wconf 78' lang='lat' dir='ltr'><strong>qaod</strong></span> <span class='ocrx_word' id='word_1_8' title='bbox 418 458 678 531; x_wconf 80' lang='lat' dir='ltr'><strong>neomum&#39;sestum</strong></span> <span class='ocrx_word' id='word_1_9' title='bbox 692 460 760 520; x_wconf 77' lang='lat' dir='ltr'><strong>erit’</strong></span> <span class='ocrx_word' id='word_1_10' title='bbox 777 456 924 522; x_wconf 88' lang='lat' dir='ltr'><strong>futurum</strong></span> <span class='ocrx_word' id='word_1_11' title='bbox 945 479 1011 522; x_wconf 90' lang='lat' dir='ltr'><strong>non</strong></span> <span class='ocrx_word' id='word_1_12' title='bbox 1031 457 1141 524; x_wconf 87' lang='lat' dir='ltr'><strong>valere</strong></span> <span class='ocrx_word' id='word_1_13' title='bbox 1162 460 1196 523; x_wconf 92' lang='lat' dir='ltr'><strong>in</strong></span> <span class='ocrx_word' id='word_1_14' title='bbox 1216 459 1358 526; x_wconf 88' lang='lat' dir='ltr'><strong>relativa</strong></span> 
     </span>
     <span class='ocr_line' id='line_1_3' title="bbox 211 555 1357 646; baseline 0.004 -24"><span class='ocrx_word' id='word_1_15' title='bbox 211 556 388 622; x_wconf 87' lang='lat' dir='ltr'><strong>sententia:</strong></span> <span class='ocrx_word' id='word_1_16' title='bbox 417 566 493 644; x_wconf 82' lang='lat' dir='ltr'><strong>apte</strong></span> <span class='ocrx_word' id='word_1_17' title='bbox 521 555 699 622; x_wconf 83' lang='lat' dir='ltr'><strong>Muellerus</strong></span> <span class='ocrx_word' id='word_1_18' title='bbox 730 561 883 644; x_wconf 88' lang='lat' dir='ltr'><strong>opposuit</strong></span> <span class='ocrx_word' id='word_1_19' title='bbox 908 559 1045 627; x_wconf 86' lang='lat' dir='ltr'><strong>relativo</strong></span> <span class='ocrx_word' id='word_1_20' title='bbox 1071 561 1180 646; x_wconf 89' lang='lat' dir='ltr'><strong>potius</strong></span> <span class='ocrx_word' id='word_1_21' title='bbox 1210 561 1357 629; x_wconf 89' lang='lat' dir='ltr'><strong>membro</strong></span> 
     </span>
     <span class='ocr_line' id='line_1_4' title="bbox 209 653 1360 751; baseline 0.003 -28"><span class='ocrx_word' id='word_1_22' title='bbox 209 660 377 746; x_wconf 85' lang='lat' dir='ltr'>propriam</span> <span class='ocrx_word' id='word_1_23' title='bbox 399 659 468 725; x_wconf 84' lang='lat' dir='ltr'><strong>vim</strong></span> <span class='ocrx_word' id='word_1_24' title='bbox 490 656 750 726; x_wconf 78' lang='lat' dir='ltr'><strong>condicionalem</strong></span> <span class='ocrx_word' id='word_1_25' title='bbox 772 661 951 744; x_wconf 83' lang='lat' dir='ltr'>contineri,</span> <span class='ocrx_word' id='word_1_26' title='bbox 973 672 1011 727; x_wconf 92' lang='lat' dir='ltr'><strong>ut</strong></span> <span class='ocrx_word' id='word_1_27' title='bbox 1030 662 1075 727; x_wconf 88' lang='lat' dir='ltr'><strong>sit</strong></span> <span class='ocrx_word' id='word_1_28' title='bbox 1096 662 1183 729; x_wconf 92' lang='lat' dir='ltr'><strong>idem</strong></span> <span class='ocrx_word' id='word_1_29' title='bbox 1206 653 1360 751; x_wconf 75' lang='lat' dir='ltr'><strong>atque‘si</strong></span> 
     </span>
     <span class='ocr_line' id='line_1_5' title="bbox 207 763 1357 851; baseline 0.001 -25"><span class='ocrx_word' id='word_1_30' title='bbox 207 765 326 839; x_wconf 81' lang='lat' dir='ltr'><strong>furtum</strong></span> <span class='ocrx_word' id='word_1_31' title='bbox 342 782 399 840; x_wconf 76' lang='lat' dir='ltr'><strong>quo</strong></span> <span class='ocrx_word' id='word_1_32' title='bbox 414 767 532 838; x_wconf 82' lang='lat' dir='ltr'><strong>adorat,</strong></span> <span class='ocrx_word' id='word_1_33' title='bbox 548 781 603 825; x_wconf 83' lang='lat' dir='ltr'><strong>nec</strong></span> <span class='ocrx_word' id='word_1_34' title='bbox 617 766 808 839; x_wconf 78' lang='lat' dir='ltr'><strong>manifestum</strong></span> <span class='ocrx_word' id='word_1_35' title='bbox 822 769 902 827; x_wconf 66' lang='lat' dir='ltr'><strong>erit?</strong></span> <span class='ocrx_word' id='word_1_36' title='bbox 917 803 959 814; x_wconf 92' lang='lat'><em>-</em></span> <span class='ocrx_word' id='word_1_37' title='bbox 974 763 1046 828; x_wconf 89' lang='lat' dir='ltr'><strong>Iam</strong></span> <span class='ocrx_word' id='word_1_38' title='bbox 1061 785 1139 830; x_wconf 84' lang='lat' dir='ltr'><strong>vero</strong></span> <span class='ocrx_word' id='word_1_39' title='bbox 1155 764 1243 851; x_wconf 88' lang='lat' dir='ltr'><strong>quod</strong></span> <span class='ocrx_word' id='word_1_40' title='bbox 1253 763 1357 829; x_wconf 89' lang='lat' dir='ltr'><strong>Muel-</strong></span> 
     </span>
     <span class='ocr_line' id='line_1_6' title="bbox 211 861 1356 953; baseline 0.003 -26"><span class='ocrx_word' id='word_1_41' title='bbox 211 865 298 929; x_wconf 89' lang='lat' dir='ltr'><strong>lerus</strong></span> <span class='ocrx_word' id='word_1_42' title='bbox 313 863 385 929; x_wconf 85' lang='lat' dir='ltr'><strong>Sor.</strong></span> <span class='ocrx_word' id='word_1_43' title='bbox 400 863 478 930; x_wconf 86' lang='lat' dir='ltr'><strong>min.</strong></span> <span class='ocrx_word' id='word_1_44' title='bbox 494 864 512 929; x_wconf 93' lang='lat' dir='ltr'>I</span> <span class='ocrx_word' id='word_1_45' title='bbox 527 887 559 950; x_wconf 90' lang='lat' dir='ltr'><strong>p.</strong></span> <span class='ocrx_word' id='word_1_46' title='bbox 576 863 639 928; x_wconf 80' lang='lat'><strong>382</strong></span> <span class='ocrx_word' id='word_1_47' title='bbox 659 861 824 952; x_wconf 86' lang='lat' dir='ltr'><strong>plerisque</strong></span> <span class='ocrx_word' id='word_1_48' title='bbox 844 863 909 930; x_wconf 87' lang='lat' dir='ltr'><strong>illis</strong></span> <span class='ocrx_word' id='word_1_49' title='bbox 933 887 1013 953; x_wconf 91' lang='lat' dir='ltr'><strong>quos</strong></span> <span class='ocrx_word' id='word_1_50' title='bbox 1034 867 1199 932; x_wconf 84' lang='lat' dir='ltr'><strong>recensuit</strong></span> <span class='ocrx_word' id='word_1_51' title='bbox 1217 865 1288 932; x_wconf 90' lang='grc' dir='ltr'><strong>ΧΠ</strong></span> <span class='ocrx_word' id='word_1_52' title='bbox 1308 874 1356 930; x_wconf 91' lang='lat' dir='ltr'><strong>ta-</strong></span> 
     </span>
     <span class='ocr_line' id='line_1_7' title="bbox 208 963 1354 1034; baseline 0 -2"><span class='ocrx_word' id='word_1_53' title='bbox 208 965 361 1032; x_wconf 84' lang='lat' dir='ltr'><strong>bularum</strong></span> <span class='ocrx_word' id='word_1_54' title='bbox 376 963 456 1030; x_wconf 90' lang='lat' dir='ltr'><strong>locis</strong></span> <span class='ocrx_word' id='word_1_55' title='bbox 473 971 567 1030; x_wconf 76' lang='lat' dir='ltr'><strong>‘escit&#39;</strong></span> <span class='ocrx_word' id='word_1_56' title='bbox 583 988 601 1030; x_wconf 89' lang='lat' dir='ltr'><strong>e</strong></span> <span class='ocrx_word' id='word_1_57' title='bbox 617 965 767 1031; x_wconf 88' lang='lat' dir='ltr'><strong>codicum</strong></span> <span class='ocrx_word' id='word_1_58' title='bbox 782 968 908 1032; x_wconf 89' lang='lat' dir='ltr'><strong>mendis</strong></span> <span class='ocrx_word' id='word_1_59' title='bbox 929 967 1109 1034; x_wconf 86' lang='lat' dir='ltr'><strong>eruendum</strong></span> <span class='ocrx_word' id='word_1_60' title='bbox 1130 989 1203 1034; x_wconf 87' lang='lat' dir='ltr'><strong>esse</strong></span> <span class='ocrx_word' id='word_1_61' title='bbox 1225 968 1354 1034; x_wconf 79' lang='lat' dir='ltr'><strong>statuit:</strong></span> 
     </span>
     <span class='ocr_line' id='line_1_8' title="bbox 209 1065 565 1150; baseline -0.003 -19"><span class='ocrx_word' id='word_1_62' title='bbox 209 1067 388 1133; x_wconf 84' lang='lat' dir='ltr'><strong>rectissime</strong></span> <span class='ocrx_word' id='word_1_63' title='bbox 404 1068 531 1134; x_wconf 87' lang='lat' dir='ltr'><strong>statuit.</strong></span> <span class='ocrx_word' id='word_1_64' title='bbox 541 1065 565 1150; x_wconf 90' lang='lat'><strong>¹)</strong></span> 
     </span>
    </p>

    <p class='ocr_par' dir='ltr' id='par_1_3' title="bbox 203 1169 1427 3076">
     <span class='ocr_line' id='line_1_9' title="bbox 293 1169 1354 1238; baseline 0.003 -3"><span class='ocrx_word' id='word_1_65' title='bbox 293 1169 428 1235; x_wconf 84' lang='lat' dir='ltr'><strong>Etenim</strong></span> <span class='ocrx_word' id='word_1_66' title='bbox 443 1191 519 1234; x_wconf 89' lang='lat' dir='ltr'><strong>rara</strong></span> <span class='ocrx_word' id='word_1_67' title='bbox 533 1169 640 1235; x_wconf 88' lang='lat' dir='ltr'><strong>forma</strong></span> <span class='ocrx_word' id='word_1_68' title='bbox 656 1176 750 1235; x_wconf 75' lang='lat' dir='ltr'><strong>‘escit&#39;</strong></span> <span class='ocrx_word' id='word_1_69' title='bbox 767 1192 840 1235; x_wconf 85' lang='lat' dir='ltr'><strong>curn</strong></span> <span class='ocrx_word' id='word_1_70' title='bbox 854 1170 1038 1238; x_wconf 69' lang='lat' dir='ltr'><strong>bis‘saltem</strong></span> <span class='ocrx_word' id='word_1_71' title='bbox 1060 1173 1186 1238; x_wconf 85' lang='lat' dir='ltr'><strong>intacta</strong></span> <span class='ocrx_word' id='word_1_72' title='bbox 1206 1174 1242 1237; x_wconf 89' lang='lat' dir='ltr'><strong>in</strong></span> <span class='ocrx_word' id='word_1_73' title='bbox 1261 1172 1354 1238; x_wconf 87' lang='lat' dir='ltr'><strong>libris</strong></span> 
     </span>
     <span class='ocr_line' id='line_1_10' title="bbox 210 1273 1427 1356; baseline 0.002 -19"><span class='ocrx_word' id='word_1_74' title='bbox 210 1281 362 1338; x_wconf 88' lang='lat' dir='ltr'><strong>servatur</strong></span> <span class='ocrx_word' id='word_1_75' title='bbox 377 1273 393 1337; x_wconf 94' lang='lat' dir='ltr'>I</span> <span class='ocrx_word' id='word_1_76' title='bbox 409 1274 429 1337; x_wconf 87' lang='grc'>3</span> <span class='ocrx_word' id='word_1_77' title='bbox 446 1276 558 1336; x_wconf 74' lang='lat' dir='ltr'><strong>‘vitium</strong></span> <span class='ocrx_word' id='word_1_78' title='bbox 573 1277 659 1338; x_wconf 79' lang='lat' dir='ltr'><strong>esctt&#39;</strong></span> <span class='ocrx_word' id='word_1_79' title='bbox 682 1282 715 1337; x_wconf 89' lang='lat' dir='ltr'><strong>et</strong></span> <span class='ocrx_word' id='word_1_80' title='bbox 730 1273 761 1337; x_wconf 92' lang='lat' dir='ltr'>V</span> <span class='ocrx_word' id='word_1_81' title='bbox 778 1273 796 1337; x_wconf 78' lang='lat'>7</span> <span class='ocrx_word' id='word_1_82' title='bbox 814 1278 874 1337; x_wconf 80' lang='lat' dir='ltr'><strong>‘ost</strong></span> <span class='ocrx_word' id='word_1_83' title='bbox 888 1280 918 1338; x_wconf 80' lang='grc'><strong>66·</strong></span> <span class='ocrx_word' id='word_1_84' title='bbox 930 1283 1026 1338; x_wconf 78' lang='lat' dir='ltr'><strong>eustos</strong></span> <span class='ocrx_word' id='word_1_85' title='bbox 1041 1281 1207 1348; x_wconf 71' lang='lat' dir='ltr'><strong>uererer,</strong></span> <span class='ocrx_word' id='word_1_86' title='bbox 1223 1283 1293 1340; x_wconf 88' lang='lat' dir='ltr'><strong>tum</strong></span> <span class='ocrx_word' id='word_1_87' title='bbox 1307 1274 1356 1340; x_wconf 78' lang='lat' dir='ltr'><strong>ia·</strong></span> <span class='ocrx_word' id='word_1_88' title='bbox 1424 1350 1427 1356; x_wconf 25' lang='lat'><strong>¹</strong></span> 
     </span>
     <span class='ocr_line' id='line_1_11' title="bbox 210 1372 1355 1462; baseline 0.001 -23"><span class='ocrx_word' id='word_1_89' title='bbox 210 1372 265 1439; x_wconf 88' lang='lat' dir='ltr'><strong>cili</strong></span> <span class='ocrx_word' id='word_1_90' title='bbox 280 1374 413 1460; x_wconf 86' lang='lat' dir='ltr'><strong>negotio</strong></span> <span class='ocrx_word' id='word_1_91' title='bbox 430 1373 573 1458; x_wconf 82' lang='lat' dir='ltr'><strong>et&#39;ficitpr</strong></span> <span class='ocrx_word' id='word_1_92' title='bbox 585 1395 628 1438; x_wconf 86' lang='lat' dir='ltr'><strong>ex</strong></span> <span class='ocrx_word' id='word_1_93' title='bbox 638 1372 796 1440; x_wconf 87' lang='lat' dir='ltr'><strong>librorum</strong></span> <span class='ocrx_word' id='word_1_94' title='bbox 808 1374 970 1462; x_wconf 88' lang='lat' dir='ltr'><strong>scriptura</strong></span> <span class='ocrx_word' id='word_1_95' title='bbox 980 1375 1041 1441; x_wconf 86' lang='lat' dir='ltr'><strong>V5</strong></span> <span class='ocrx_word' id='word_1_96' title='bbox 1052 1381 1208 1455; x_wconf 72' lang='lat' dir='ltr'><strong>‘sipontus</strong></span> <span class='ocrx_word' id='word_1_97' title='bbox 1219 1375 1256 1462; x_wconf 88' lang='lat' dir='ltr'><strong>(l.</strong></span> <span class='ocrx_word' id='word_1_98' title='bbox 1269 1378 1355 1460; x_wconf 81' lang='lat' dir='ltr'><strong>app.)</strong></span> 
     </span>
     <span class='ocr_line' id='line_1_12' title="bbox 209 1476 1356 1558; baseline 0.003 -18"><span class='ocrx_word' id='word_1_99' title='bbox 209 1482 314 1542; x_wconf 80' lang='lat' dir='ltr'><strong>neseit&#39;</strong></span> <span class='ocrx_word' id='word_1_100' title='bbox 330 1477 352 1541; x_wconf 89' lang='lat' dir='ltr'><strong>i.</strong></span> <span class='ocrx_word' id='word_1_101' title='bbox 369 1499 396 1542; x_wconf 88' lang='lat' dir='ltr'><strong>e.</strong></span> <span class='ocrx_word' id='word_1_102' title='bbox 415 1482 482 1541; x_wconf 79' lang='lat' dir='ltr'><strong>‘nee</strong></span> <span class='ocrx_word' id='word_1_103' title='bbox 496 1482 579 1540; x_wconf 74' lang='lat' dir='ltr'><strong>eseit’</strong></span> <span class='ocrx_word' id='word_1_104' title='bbox 597 1477 739 1558; x_wconf 80' lang='lat' dir='ltr'><strong>(n’escit).</strong></span> <span class='ocrx_word' id='word_1_105' title='bbox 762 1477 861 1542; x_wconf 63' lang='lat' dir='ltr'><strong>vIdem</strong></span> <span class='ocrx_word' id='word_1_106' title='bbox 876 1476 908 1540; x_wconf 91' lang='lat' dir='ltr'>V</span> <span class='ocrx_word' id='word_1_107' title='bbox 924 1479 943 1542; x_wconf 79' lang='lat'><strong>7</strong></span> <span class='ocrx_word' id='word_1_108' title='bbox 959 1479 1185 1544; x_wconf 86' lang='lat' dir='ltr'><strong>statuendum:</strong></span> <span class='ocrx_word' id='word_1_109' title='bbox 1208 1478 1266 1543; x_wconf 90' lang='lat' dir='ltr'><strong>ubi</strong></span> <span class='ocrx_word' id='word_1_110' title='bbox 1281 1499 1356 1544; x_wconf 88' lang='lat' dir='ltr'><strong>cum</strong></span> 
     </span>
     <span class='ocr_line' id='line_1_13' title="bbox 207 1567 1356 1667; baseline 0.002 -25"><span class='ocrx_word' id='word_1_111' title='bbox 207 1580 242 1642; x_wconf 93' lang='lat' dir='ltr'><strong>in</strong></span> <span class='ocrx_word' id='word_1_112' title='bbox 257 1578 349 1646; x_wconf 92' lang='lat' dir='ltr'><strong>libris</strong></span> <span class='ocrx_word' id='word_1_113' title='bbox 365 1567 463 1644; x_wconf 86' lang='lat' dir='ltr'><strong>Auct.</strong></span> <span class='ocrx_word' id='word_1_114' title='bbox 486 1577 529 1642; x_wconf 88' lang='lat' dir='ltr'><strong>ad</strong></span> <span class='ocrx_word' id='word_1_115' title='bbox 544 1577 748 1667; x_wconf 84' lang='lat' dir='ltr'><strong>Herennium</strong></span> <span class='ocrx_word' id='word_1_116' title='bbox 764 1585 913 1660; x_wconf 73' lang='lat' dir='ltr'><strong>‘existet’‚</strong></span> <span class='ocrx_word' id='word_1_117' title='bbox 930 1580 963 1643; x_wconf 90' lang='lat' dir='ltr'><strong>in</strong></span> <span class='ocrx_word' id='word_1_118' title='bbox 979 1579 1147 1645; x_wconf 76' lang='lat' dir='ltr'><strong>Ciceronis</strong></span> <span class='ocrx_word' id='word_1_119' title='bbox 1170 1579 1210 1644; x_wconf 88' lang='lat' dir='ltr'><strong>de</strong></span> <span class='ocrx_word' id='word_1_120' title='bbox 1230 1579 1356 1652; x_wconf 85' lang='lat' dir='ltr'><strong>invent.</strong></span> 
     </span>
     <span class='ocr_line' id='line_1_14' title="bbox 208 1678 1355 1767; baseline 0.003 -23"><span class='ocrx_word' id='word_1_121' title='bbox 208 1684 298 1759; x_wconf 78' lang='lat' dir='ltr'><strong>‘erit’‚</strong></span> <span class='ocrx_word' id='word_1_122' title='bbox 313 1680 347 1745; x_wconf 91' lang='lat' dir='ltr'><strong>in</strong></span> <span class='ocrx_word' id='word_1_123' title='bbox 362 1678 623 1745; x_wconf 82' lang='lat' dir='ltr'><strong>Tusculanarum</strong></span> <span class='ocrx_word' id='word_1_124' title='bbox 644 1681 728 1766; x_wconf 85' lang='lat' dir='ltr'><strong>disp.</strong></span> <span class='ocrx_word' id='word_1_125' title='bbox 746 1681 887 1767; x_wconf 88' lang='lat' dir='ltr'><strong>denique</strong></span> <span class='ocrx_word' id='word_1_126' title='bbox 903 1686 977 1746; x_wconf 71' lang='lat' dir='ltr'><strong>‘esre</strong></span> <span class='ocrx_word' id='word_1_127' title='bbox 992 1687 1114 1762; x_wconf 77' lang='lat' dir='ltr'><strong>incipit&#39;</strong></span> <span class='ocrx_word' id='word_1_128' title='bbox 1130 1682 1293 1748; x_wconf 84' lang='lat' dir='ltr'><strong>constanti</strong></span> <span class='ocrx_word' id='word_1_129' title='bbox 1308 1684 1355 1748; x_wconf 91' lang='lat' dir='ltr'><strong>in·</strong></span> 
     </span>
     <span class='ocr_line' id='line_1_15' title="bbox 207 1780 1356 1871; baseline 0.002 -23"><span class='ocrx_word' id='word_1_130' title='bbox 207 1780 423 1870; x_wconf 86' lang='lat' dir='ltr'><strong>terpolatione</strong></span> <span class='ocrx_word' id='word_1_131' title='bbox 439 1782 653 1847; x_wconf 85' lang='lat' dir='ltr'><strong>substitutum</strong></span> <span class='ocrx_word' id='word_1_132' title='bbox 668 1783 725 1866; x_wconf 89' lang='lat' dir='ltr'><strong>sit,</strong></span> <span class='ocrx_word' id='word_1_133' title='bbox 742 1805 826 1848; x_wconf 89' lang='lat' dir='ltr'><strong>unus</strong></span> <span class='ocrx_word' id='word_1_134' title='bbox 842 1783 969 1848; x_wconf 85' lang='lat' dir='ltr'><strong>Nonius</strong></span> <span class='ocrx_word' id='word_1_135' title='bbox 986 1782 1121 1850; x_wconf 77' lang='lat' dir='ltr'><strong>Tuscul.</strong></span> <span class='ocrx_word' id='word_1_136' title='bbox 1143 1782 1251 1850; x_wconf 87' lang='lat' dir='ltr'><strong>locum</strong></span> <span class='ocrx_word' id='word_1_137' title='bbox 1266 1795 1356 1871; x_wconf 85' lang='lat' dir='ltr'><strong>ante·</strong></span> 
     </span>
     <span class='ocr_line' id='line_1_16' title="bbox 208 1883 1354 1973; baseline 0.002 -23"><span class='ocrx_word' id='word_1_138' title='bbox 208 1895 313 1951; x_wconf 88' lang='lat' dir='ltr'><strong>status</strong></span> <span class='ocrx_word' id='word_1_139' title='bbox 329 1909 361 1972; x_wconf 89' lang='lat' dir='ltr'><strong>p.</strong></span> <span class='ocrx_word' id='word_1_140' title='bbox 378 1884 441 1950; x_wconf 84' lang='lat'><strong>443</strong></span> <span class='ocrx_word' id='word_1_141' title='bbox 463 1892 571 1948; x_wconf 70' lang='lat' dir='ltr'><strong>‘esset&#39;</strong></span> <span class='ocrx_word' id='word_1_142' title='bbox 593 1883 744 1950; x_wconf 87' lang='lat' dir='ltr'><strong>tradidit:</strong></span> <span class='ocrx_word' id='word_1_143' title='bbox 767 1885 854 1950; x_wconf 91' lang='lat' dir='ltr'><strong>unde</strong></span> <span class='ocrx_word' id='word_1_144' title='bbox 876 1891 980 1951; x_wconf 76' lang='lat' dir='ltr'><strong>‘escit’</strong></span> <span class='ocrx_word' id='word_1_145' title='bbox 1001 1886 1158 1973; x_wconf 84' lang='lat' dir='ltr'><strong>proclivis</strong></span> <span class='ocrx_word' id='word_1_146' title='bbox 1180 1896 1231 1952; x_wconf 86' lang='lat' dir='ltr'><strong>est</strong></span> <span class='ocrx_word' id='word_1_147' title='bbox 1251 1897 1354 1955; x_wconf 86' lang='lat' dir='ltr'><strong>muta·</strong></span> 
     </span>
     <span class='ocr_line' id='line_1_17' title="bbox 206 1985 1354 2067; baseline -0.001 -14"><span class='ocrx_word' id='word_1_148' title='bbox 206 1988 265 2054; x_wconf 88' lang='lat' dir='ltr'><strong>tio.</strong></span> <span class='ocrx_word' id='word_1_149' title='bbox 288 1985 448 2054; x_wconf 79' lang='lat' dir='ltr'><strong>Conferas</strong></span> <span class='ocrx_word' id='word_1_150' title='bbox 463 1985 560 2052; x_wconf 93' lang='lat' dir='ltr'><strong>modo</strong></span> <span class='ocrx_word' id='word_1_151' title='bbox 575 1986 765 2052; x_wconf 88' lang='lat' dir='ltr'><strong>Lucretium</strong></span> <span class='ocrx_word' id='word_1_152' title='bbox 780 1987 797 2050; x_wconf 93' lang='grc' dir='ltr'><strong>Ι</strong></span> <span class='ocrx_word' id='word_1_153' title='bbox 812 1985 875 2051; x_wconf 85' lang='grc'><strong>619</strong></span> <span class='ocrx_word' id='word_1_154' title='bbox 896 1993 1097 2067; x_wconf 75' lang='lat' dir='ltr'><strong>‘erporerum</strong></span> <span class='ocrx_word' id='word_1_155' title='bbox 1117 1995 1195 2052; x_wconf 78' lang='lat' dir='ltr'><strong>tuter</strong></span> <span class='ocrx_word' id='word_1_156' title='bbox 1209 2007 1354 2053; x_wconf 80' lang='lat' dir='ltr'><strong>summum</strong></span> 
     </span>
     <span class='ocr_line' id='line_1_18' title="bbox 206 2087 1352 2176; baseline 0 -22"><span class='ocrx_word' id='word_1_157' title='bbox 206 2094 417 2170; x_wconf 75' lang='lat' dir='ltr'><strong>minimumque</strong></span> <span class='ocrx_word' id='word_1_158' title='bbox 431 2094 505 2168; x_wconf 77' lang='lat' dir='ltr'><strong>quid</strong></span> <span class='ocrx_word' id='word_1_159' title='bbox 518 2089 646 2154; x_wconf 69' lang='lat' dir='ltr'><strong>escitt’:</strong></span> <span class='ocrx_word' id='word_1_160' title='bbox 661 2109 724 2176; x_wconf 92' lang='lat' dir='ltr'><strong>quo</strong></span> <span class='ocrx_word' id='word_1_161' title='bbox 740 2087 810 2154; x_wconf 90' lang='lat' dir='ltr'><strong>loco</strong></span> <span class='ocrx_word' id='word_1_162' title='bbox 827 2093 928 2154; x_wconf 71' lang='lat' dir='ltr'><strong>‘essu’</strong></span> <span class='ocrx_word' id='word_1_163' title='bbox 946 2088 1117 2175; x_wconf 86' lang='lat' dir='ltr'><strong>Oblongus</strong></span> <span class='ocrx_word' id='word_1_164' title='bbox 1126 2137 1135 2171; x_wconf 83' lang='lat'>,</span> <span class='ocrx_word' id='word_1_165' title='bbox 1159 2095 1266 2155; x_wconf 71' lang='lat' dir='ltr'><strong>‘esset’</strong></span> <span class='ocrx_word' id='word_1_166' title='bbox 1283 2091 1352 2155; x_wconf 88' lang='lat' dir='ltr'><strong>eius</strong></span> 
     </span>
     <span class='ocr_line' id='line_1_19' title="bbox 206 2190 1353 2278; baseline -0.001 -21"><span class='ocrx_word' id='word_1_167' title='bbox 206 2191 415 2278; x_wconf 60' lang='lat' dir='ltr'><strong>correctord)</strong></span> <span class='ocrx_word' id='word_1_168' title='bbox 427 2190 570 2256; x_wconf 88' lang='lat' dir='ltr'><strong>Omnino</strong></span> <span class='ocrx_word' id='word_1_169' title='bbox 579 2191 645 2258; x_wconf 86' lang='lat' dir='ltr'><strong>late</strong></span> <span class='ocrx_word' id='word_1_170' title='bbox 660 2201 773 2278; x_wconf 90' lang='lat' dir='ltr'><strong>patere</strong></span> <span class='ocrx_word' id='word_1_171' title='bbox 787 2190 972 2256; x_wconf 90' lang='lat' dir='ltr'><strong>litterarum</strong></span> <span class='ocrx_word' id='word_1_172' title='bbox 987 2215 1020 2256; x_wconf 89' lang='lat' dir='ltr'><strong>ss</strong></span> <span class='ocrx_word' id='word_1_173' title='bbox 1036 2201 1069 2256; x_wconf 91' lang='lat' dir='ltr'><strong>et</strong></span> <span class='ocrx_word' id='word_1_174' title='bbox 1084 2213 1119 2256; x_wconf 88' lang='lat' dir='ltr'><strong>so</strong></span> <span class='ocrx_word' id='word_1_175' title='bbox 1130 2191 1270 2259; x_wconf 84' lang='lat' dir='ltr'><strong>inlibris</strong></span> <span class='ocrx_word' id='word_1_176' title='bbox 1281 2214 1353 2278; x_wconf 90' lang='lat' dir='ltr'><strong>per-</strong></span> 
     </span>
     <span class='ocr_line' id='line_1_20' title="bbox 205 2293 1354 2378; baseline -0.002 -20"><span class='ocrx_word' id='word_1_177' title='bbox 205 2294 424 2361; x_wconf 87' lang='lat' dir='ltr'><strong>turbationem</strong></span> <span class='ocrx_word' id='word_1_178' title='bbox 438 2303 527 2359; x_wconf 88' lang='lat' dir='ltr'><strong>recte</strong></span> <span class='ocrx_word' id='word_1_179' title='bbox 541 2301 652 2359; x_wconf 91' lang='lat' dir='ltr'><strong>monet</strong></span> <span class='ocrx_word' id='word_1_180' title='bbox 666 2293 937 2378; x_wconf 86' lang='lat' dir='ltr'><strong>Wesenbergius.</strong></span> <span class='ocrx_word' id='word_1_181' title='bbox 963 2294 1070 2376; x_wconf 71' lang='lat' dir='ltr'><strong>¹Quod</strong></span> <span class='ocrx_word' id='word_1_182' title='bbox 1086 2293 1114 2358; x_wconf 89' lang='lat' dir='ltr'><strong>si</strong></span> <span class='ocrx_word' id='word_1_183' title='bbox 1128 2293 1354 2360; x_wconf 85' lang='lat' dir='ltr'><strong>meminissent</strong></span> 
     </span>
     <span class='ocr_line' id='line_1_21' title="bbox 205 2391 1351 2481; baseline -0.002 -20"><span class='ocrx_word' id='word_1_184' title='bbox 205 2394 424 2462; x_wconf 87' lang='lat' dir='ltr'><strong>recentissimi</strong></span> <span class='ocrx_word' id='word_1_185' title='bbox 439 2394 607 2470; x_wconf 82' lang='lat' dir='ltr'><strong>Ciceronis</strong></span> <span class='ocrx_word' id='word_1_186' title='bbox 624 2395 765 2460; x_wconf 87' lang='lat' dir='ltr'><strong>editores</strong></span> <span class='ocrx_word' id='word_1_187' title='bbox 782 2394 824 2459; x_wconf 90' lang='lat' dir='ltr'><strong>de</strong></span> <span class='ocrx_word' id='word_1_188' title='bbox 840 2397 903 2481; x_wconf 83' lang='lat' dir='ltr'><strong>leg.</strong></span> <span class='ocrx_word' id='word_1_189' title='bbox 919 2395 1028 2478; x_wconf 80' lang='lat'><strong>1124,</strong></span> <span class='ocrx_word' id='word_1_190' title='bbox 1044 2396 1086 2460; x_wconf 89' lang='grc'><strong>60</strong></span> <span class='ocrx_word' id='word_1_191' title='bbox 1107 2391 1170 2462; x_wconf 76' lang='lat' dir='ltr'><strong>‘eut&#39;</strong></span> <span class='ocrx_word' id='word_1_192' title='bbox 1182 2417 1258 2460; x_wconf 82' lang='lat' dir='ltr'><strong>auro</strong></span> <span class='ocrx_word' id='word_1_193' title='bbox 1273 2400 1351 2460; x_wconf 82' lang='lat' dir='ltr'><strong>dea-</strong></span> 
     </span>
     <span class='ocr_line' id='line_1_22' title="bbox 205 2497 1352 2586; baseline -0.002 -22"><span class='ocrx_word' id='word_1_194' title='bbox 205 2513 248 2564; x_wconf 80' lang='lat' dir='ltr'><strong>tes</strong></span> <span class='ocrx_word' id='word_1_195' title='bbox 262 2505 356 2565; x_wconf 77' lang='lat' dir='ltr'><strong>iuneti</strong></span> <span class='ocrx_word' id='word_1_196' title='bbox 368 2505 479 2564; x_wconf 80' lang='lat' dir='ltr'><strong>essent’</strong></span> <span class='ocrx_word' id='word_1_197' title='bbox 497 2497 547 2583; x_wconf 85' lang='lat' dir='ltr'><strong>(X</strong></span> <span class='ocrx_word' id='word_1_198' title='bbox 562 2498 607 2580; x_wconf 83' lang='lat'><strong>9),</strong></span> <span class='ocrx_word' id='word_1_199' title='bbox 629 2520 695 2564; x_wconf 89' lang='lat' dir='ltr'><strong>non</strong></span> <span class='ocrx_word' id='word_1_200' title='bbox 717 2505 834 2562; x_wconf 72' lang='lat' dir='ltr'><strong>‘esunt’</strong></span> <span class='ocrx_word' id='word_1_201' title='bbox 857 2498 967 2583; x_wconf 89' lang='lat' dir='ltr'><strong>potius</strong></span> <span class='ocrx_word' id='word_1_202' title='bbox 983 2509 1020 2564; x_wconf 90' lang='lat' dir='ltr'><strong>ut</strong></span> <span class='ocrx_word' id='word_1_203' title='bbox 1039 2499 1166 2586; x_wconf 89' lang='lat' dir='ltr'><strong>pridem</strong></span> <span class='ocrx_word' id='word_1_204' title='bbox 1181 2498 1352 2586; x_wconf 88' lang='lat' dir='ltr'><strong>proposuit</strong></span> 
     </span>
     <span class='ocr_line' id='line_1_23' title="bbox 205 2598 1351 2689; baseline -0.003 -21"><span class='ocrx_word' id='word_1_205' title='bbox 205 2601 399 2669; x_wconf 88' lang='lat' dir='ltr'><strong>Raevardus</strong></span> <span class='ocrx_word' id='word_1_206' title='bbox 417 2622 515 2689; x_wconf 86' lang='lat' dir='ltr'><strong>quam</strong></span> <span class='ocrx_word' id='word_1_207' title='bbox 530 2622 605 2666; x_wconf 90' lang='lat' dir='ltr'><strong>oum</strong></span> <span class='ocrx_word' id='word_1_208' title='bbox 619 2599 782 2666; x_wconf 91' lang='lat' dir='ltr'><strong>Lambino</strong></span> <span class='ocrx_word' id='word_1_209' title='bbox 799 2605 934 2664; x_wconf 68' lang='lat' dir='ltr'><strong>‘escunt&#39;</strong></span> <span class='ocrx_word' id='word_1_210' title='bbox 956 2598 1140 2666; x_wconf 80' lang='lat' dir='ltr'><strong>dedissent:</strong></span> <span class='ocrx_word' id='word_1_211' title='bbox 1165 2623 1264 2688; x_wconf 91' lang='lat' dir='ltr'><strong>quam</strong></span> <span class='ocrx_word' id='word_1_212' title='bbox 1277 2599 1351 2680; x_wconf 39' lang='lat' dir='ltr'><strong>‚ior-</strong></span> 
     </span>
     <span class='ocr_line' id='line_1_24' title="bbox 204 2699 1351 2793; baseline -0.002 -25"><span class='ocrx_word' id='word_1_213' title='bbox 204 2727 291 2770; x_wconf 90' lang='lat' dir='ltr'><strong>mam</strong></span> <span class='ocrx_word' id='word_1_214' title='bbox 306 2705 377 2793; x_wconf 88' lang='lat' dir='ltr'><strong>ipse</strong></span> <span class='ocrx_word' id='word_1_215' title='bbox 392 2701 507 2770; x_wconf 83' lang='lat' dir='ltr'><strong>Cicero</strong></span> <span class='ocrx_word' id='word_1_216' title='bbox 523 2702 557 2767; x_wconf 89' lang='lat' dir='ltr'><strong>in</strong></span> <span class='ocrx_word' id='word_1_217' title='bbox 572 2699 643 2786; x_wconf 84' lang='lat' dir='ltr'><strong>lege</strong></span> <span class='ocrx_word' id='word_1_218' title='bbox 663 2701 784 2766; x_wconf 87' lang='lat' dir='ltr'><strong>ficticia</strong></span> <span class='ocrx_word' id='word_1_219' title='bbox 804 2703 967 2788; x_wconf 85' lang='lat' dir='ltr'><strong>expressit</strong></span> <span class='ocrx_word' id='word_1_220' title='bbox 981 2703 1035 2768; x_wconf 94' lang='grc' dir='ltr'><strong>ΠΙ</strong></span> <span class='ocrx_word' id='word_1_221' title='bbox 1050 2703 1087 2786; x_wconf 82' lang='grc'><strong>3,</strong></span> <span class='ocrx_word' id='word_1_222' title='bbox 1104 2704 1124 2767; x_wconf 91' lang='grc'><strong>9</strong></span> <span class='ocrx_word' id='word_1_223' title='bbox 1145 2711 1211 2768; x_wconf 79' lang='lat' dir='ltr'><strong>‘ast</strong></span> <span class='ocrx_word' id='word_1_224' title='bbox 1230 2707 1351 2784; x_wconf 77' lang='lat' dir='ltr'><strong>quondo</strong></span> 
     </span>
     <span class='ocr_line' id='line_1_25' title="bbox 204 2804 1349 2893; baseline -0.002 -23"><span class='ocrx_word' id='word_1_225' title='bbox 204 2811 335 2872; x_wconf 68' lang='lat' dir='ltr'><strong>(tirellum</strong></span> <span class='ocrx_word' id='word_1_226' title='bbox 347 2811 486 2884; x_wconf 76' lang='lat' dir='ltr'><strong>pravius,</strong></span> <span class='ocrx_word' id='word_1_227' title='bbox 502 2808 672 2870; x_wconf 78' lang='lat' dir='ltr'><strong>discordiae</strong></span> <span class='ocrx_word' id='word_1_228' title='bbox 687 2809 794 2868; x_wconf 80' lang='lat' dir='ltr'><strong>civium</strong></span> <span class='ocrx_word' id='word_1_229' title='bbox 815 2813 968 2869; x_wconf 64' lang='lat' dir='ltr'><strong>escant?</strong></span> <span class='ocrx_word' id='word_1_230' title='bbox 1005 2804 1121 2892; x_wconf 83' lang='lat' dir='ltr'><strong>Itaque</strong></span> <span class='ocrx_word' id='word_1_231' title='bbox 1136 2827 1177 2870; x_wconf 90' lang='lat' dir='ltr'><strong>ne</strong></span> <span class='ocrx_word' id='word_1_232' title='bbox 1192 2804 1224 2870; x_wconf 87' lang='lat' dir='ltr'>V</span> <span class='ocrx_word' id='word_1_233' title='bbox 1238 2805 1261 2870; x_wconf 84' lang='lat'>4</span> <span class='ocrx_word' id='word_1_234' title='bbox 1280 2805 1349 2893; x_wconf 92' lang='lat' dir='ltr'><strong>qui-</strong></span> 
     </span>
     <span class='ocr_line' id='line_1_26' title="bbox 205 2904 1348 2994; baseline -0.001 -22"><span class='ocrx_word' id='word_1_235' title='bbox 205 2907 296 2991; x_wconf 83' lang='lat' dir='ltr'><strong>dem,</strong></span> <span class='ocrx_word' id='word_1_236' title='bbox 333 2907 392 2973; x_wconf 91' lang='lat' dir='ltr'><strong>uin</strong></span> <span class='ocrx_word' id='word_1_237' title='bbox 408 2912 502 2972; x_wconf 71' lang='lat' dir='ltr'><strong>‘escit&#39;</strong></span> <span class='ocrx_word' id='word_1_238' title='bbox 518 2905 606 2993; x_wconf 87' lang='lat' dir='ltr'><strong>apud</strong></span> <span class='ocrx_word' id='word_1_239' title='bbox 620 2905 798 2992; x_wconf 89' lang='lat' dir='ltr'><strong>Ulpianum</strong></span> <span class='ocrx_word' id='word_1_240' title='bbox 813 2905 961 2972; x_wconf 89' lang='lat' dir='ltr'><strong>fueritin</strong></span> <span class='ocrx_word' id='word_1_241' title='bbox 976 2904 1109 2991; x_wconf 85' lang='lat' dir='ltr'><strong>lacuna,</strong></span> <span class='ocrx_word' id='word_1_242' title='bbox 1126 2907 1277 2994; x_wconf 87' lang='lat' dir='ltr'><strong>estquod</strong></span> <span class='ocrx_word' id='word_1_243' title='bbox 1293 2907 1348 2972; x_wconf 93' lang='lat' dir='ltr'><strong>du-</strong></span> 
     </span>
     <span class='ocr_line' id='line_1_27' title="bbox 203 2992 1137 3076; baseline -0.001 -1"><span class='ocrx_word' id='word_1_244' title='bbox 203 3010 352 3076; x_wconf 71' lang='lat' dir='ltr'><strong>binemus.</strong></span> <span class='ocrx_word' id='word_1_245' title='bbox 1122 2992 1137 3025; x_wconf 30' lang='grc' dir='ltr'>χ</span> 
     </span>
    </p>

    <p class='ocr_par' dir='ltr' id='par_1_4' title="bbox 202 3109 1349 3404">
     <span class='ocr_line' id='line_1_28' title="bbox 287 3109 1349 3198; baseline -0.004 -20"><span class='ocrx_word' id='word_1_246' title='bbox 287 3112 340 3178; x_wconf 88' lang='grc' dir='ltr'><strong>Ι)6</strong></span> <span class='ocrx_word' id='word_1_247' title='bbox 354 3113 429 3197; x_wconf 86' lang='lat' dir='ltr'><strong>ipsa</strong></span> <span class='ocrx_word' id='word_1_248' title='bbox 442 3111 643 3177; x_wconf 84' lang='lat' dir='ltr'><strong>vera&#39;forma</strong></span> <span class='ocrx_word' id='word_1_249' title='bbox 657 3114 751 3175; x_wconf 74' lang='lat' dir='ltr'><strong>‘escit&#39;</strong></span> <span class='ocrx_word' id='word_1_250' title='bbox 766 3147 809 3158; x_wconf 88' lang='lat'><strong>-</strong></span> <span class='ocrx_word' id='word_1_251' title='bbox 824 3131 921 3198; x_wconf 89' lang='lat' dir='ltr'><strong>quam</strong></span> <span class='ocrx_word' id='word_1_252' title='bbox 936 3132 995 3197; x_wconf 90' lang='lat' dir='ltr'><strong>per</strong></span> <span class='ocrx_word' id='word_1_253' title='bbox 1008 3109 1156 3176; x_wconf 88' lang='lat' dir='ltr'><strong>futurum</strong></span> <span class='ocrx_word' id='word_1_254' title='bbox 1170 3111 1349 3198; x_wconf 84' lang='lat' dir='ltr'><strong>explanare</strong></span> 
     </span>
     <span class='ocr_line' id='line_1_29' title="bbox 204 3212 1347 3300; baseline -0.003 -20"><span class='ocrx_word' id='word_1_255' title='bbox 204 3217 310 3281; x_wconf 86' lang='lat' dir='ltr'><strong>solent</strong></span> <span class='ocrx_word' id='word_1_256' title='bbox 324 3213 546 3300; x_wconf 83' lang='lat' dir='ltr'><strong>grammatici:</strong></span> <span class='ocrx_word' id='word_1_257' title='bbox 570 3213 613 3280; x_wconf 86' lang='lat' dir='ltr'><strong>ef.</strong></span> <span class='ocrx_word' id='word_1_258' title='bbox 636 3212 759 3279; x_wconf 85' lang='lat' dir='ltr'><strong>Paulus</strong></span> <span class='ocrx_word' id='word_1_259' title='bbox 781 3233 852 3279; x_wconf 87' lang='lat' dir='ltr'><strong>exc.</strong></span> <span class='ocrx_word' id='word_1_260' title='bbox 868 3235 901 3298; x_wconf 88' lang='lat' dir='ltr'><strong>p.</strong></span> <span class='ocrx_word' id='word_1_261' title='bbox 918 3213 957 3277; x_wconf 79' lang='lat'><strong>77</strong></span> <span class='ocrx_word' id='word_1_262' title='bbox 974 3218 1062 3278; x_wconf 77' lang='lat' dir='ltr'><strong>‘escit</strong></span> <span class='ocrx_word' id='word_1_263' title='bbox 1081 3219 1155 3278; x_wconf 78' lang='lat' dir='ltr'><strong>ertt&#39;</strong></span> <span class='ocrx_word' id='word_1_264' title='bbox 1174 3222 1210 3280; x_wconf 88' lang='lat' dir='ltr'><strong>et</strong></span> <span class='ocrx_word' id='word_1_265' title='bbox 1229 3212 1347 3278; x_wconf 86' lang='lat' dir='ltr'><strong>Festus</strong></span> 
     </span>
     <span class='ocr_line' id='line_1_30' title="bbox 202 3314 1348 3404; baseline -0.003 -21"><span class='ocrx_word' id='word_1_266' title='bbox 202 3340 234 3404; x_wconf 89' lang='lat' dir='ltr'><strong>p.</strong></span> <span class='ocrx_word' id='word_1_267' title='bbox 250 3316 314 3383; x_wconf 82' lang='lat'><strong>302</strong></span> <span class='ocrx_word' id='word_1_268' title='bbox 328 3322 503 3398; x_wconf 75' lang='lat' dir='ltr'><strong>‘superescit</strong></span> <span class='ocrx_word' id='word_1_269' title='bbox 515 3322 666 3395; x_wconf 76' lang='lat' dir='ltr'><strong>sipnificut</strong></span> <span class='ocrx_word' id='word_1_270' title='bbox 678 3314 880 3400; x_wconf 41' lang='lat' dir='ltr'><strong>superorum&gt;</strong></span> <span class='ocrx_word' id='word_1_271' title='bbox 901 3351 942 3364; x_wconf 88' lang='lat'><em>-</em></span> <span class='ocrx_word' id='word_1_272' title='bbox 963 3315 1170 3384; x_wconf 86' lang='lat' dir='ltr'><strong>verissimum</strong></span> <span class='ocrx_word' id='word_1_273' title='bbox 1189 3315 1348 3381; x_wconf 91' lang='lat' dir='ltr'><strong>iudicium</strong></span> 
     </span>
    </p>
   </div>
   <div class='ocr_carea' id='block_1_3' title="bbox 201 3591 1347 4000">
    <p class='ocr_par' dir='ltr' id='par_1_5' title="bbox 201 3591 1347 3818">
     <span class='ocr_line' id='line_1_31' title="bbox 272 3591 1347 3660; baseline -0.005 -15"><span class='ocrx_word' id='word_1_274' title='bbox 272 3591 294 3660; x_wconf 88' lang='lat'><strong>¹)</strong></span> <span class='ocrx_word' id='word_1_275' title='bbox 313 3592 499 3658; x_wconf 85' lang='lat' dir='ltr'><strong>Excipiendus</strong></span> <span class='ocrx_word' id='word_1_276' title='bbox 513 3592 650 3644; x_wconf 87' lang='lat' dir='ltr'><strong>Macrobii</strong></span> <span class='ocrx_word' id='word_1_277' title='bbox 661 3592 752 3658; x_wconf 87' lang='lat' dir='ltr'><strong>locus,</strong></span> <span class='ocrx_word' id='word_1_278' title='bbox 766 3591 799 3644; x_wconf 88' lang='lat' dir='ltr'><strong>de</strong></span> <span class='ocrx_word' id='word_1_279' title='bbox 813 3605 866 3656; x_wconf 91' lang='lat' dir='ltr'><strong>quo</strong></span> <span class='ocrx_word' id='word_1_280' title='bbox 879 3607 968 3643; x_wconf 86' lang='lat' dir='ltr'><strong>meam</strong></span> <span class='ocrx_word' id='word_1_281' title='bbox 982 3593 1153 3642; x_wconf 86' lang='lat' dir='ltr'><strong>sententiam</strong></span> <span class='ocrx_word' id='word_1_282' title='bbox 1166 3606 1250 3656; x_wconf 84' lang='lat' dir='ltr'><strong>supra</strong></span> <span class='ocrx_word' id='word_1_283' title='bbox 1262 3591 1347 3656; x_wconf 85' lang='lat' dir='ltr'><strong>signi·</strong></span> 
     </span>
     <span class='ocr_line' id='line_1_32' title="bbox 202 3674 1345 3744; baseline -0.001 -17"><span class='ocrx_word' id='word_1_284' title='bbox 202 3675 298 3730; x_wconf 84' lang='lat' dir='ltr'><strong>ficari:</strong></span> <span class='ocrx_word' id='word_1_285' title='bbox 317 3693 397 3744; x_wconf 86' lang='lat' dir='ltr'><strong>quem</strong></span> <span class='ocrx_word' id='word_1_286' title='bbox 414 3678 496 3744; x_wconf 77' lang='lat' dir='ltr'><strong>nimis</strong></span> <span class='ocrx_word' id='word_1_287' title='bbox 515 3675 684 3728; x_wconf 85' lang='lat' dir='ltr'><strong>confidenter</strong></span> <span class='ocrx_word' id='word_1_288' title='bbox 703 3675 854 3729; x_wconf 83' lang='lat' dir='ltr'><strong>Corssenus</strong></span> <span class='ocrx_word' id='word_1_289' title='bbox 873 3676 965 3742; x_wconf 80' lang='lat' dir='ltr'><strong>Symb.</strong></span> <span class='ocrx_word' id='word_1_290' title='bbox 987 3677 1048 3727; x_wconf 88' lang='lat' dir='ltr'><strong>crit.</strong></span> <span class='ocrx_word' id='word_1_291' title='bbox 1068 3691 1093 3741; x_wconf 90' lang='lat' dir='ltr'><strong>p.</strong></span> <span class='ocrx_word' id='word_1_292' title='bbox 1113 3677 1146 3727; x_wconf 80' lang='lat'><strong>35</strong></span> <span class='ocrx_word' id='word_1_293' title='bbox 1164 3676 1235 3726; x_wconf 87' lang='lat' dir='ltr'><strong>inter</strong></span> <span class='ocrx_word' id='word_1_294' title='bbox 1250 3674 1345 3730; x_wconf 76' lang='lat' dir='ltr'><strong>,fontes</strong></span> 
     </span>
     <span class='ocr_line' id='line_1_33' title="bbox 201 3760 922 3818; baseline -0.011 -2"><span class='ocrx_word' id='word_1_295' title='bbox 201 3778 227 3818; x_wconf 84' lang='lat' dir='ltr'><strong>v,</strong></span> <span class='ocrx_word' id='word_1_296' title='bbox 246 3760 328 3816; x_wconf 79' lang='lat' dir='ltr'><strong>‘escit&#39;</strong></span> <span class='ocrx_word' id='word_1_297' title='bbox 347 3763 442 3817; x_wconf 83' lang='lat' dir='ltr'><strong>refert.</strong></span> <span class='ocrx_word' id='word_1_298' title='bbox 920 3811 922 3817; x_wconf 68' lang='grc'><strong>,</strong></span> 
     </span>
    </p>

    <p class='ocr_par' dir='ltr' id='par_1_6' title="bbox 201 3843 1345 4000">
     <span class='ocr_line' id='line_1_34' title="bbox 268 3843 1345 3914; baseline -0.001 -16"><span class='ocrx_word' id='word_1_299' title='bbox 268 3845 290 3914; x_wconf 86' lang='lat'><strong>²)</strong></span> <span class='ocrx_word' id='word_1_300' title='bbox 312 3847 425 3898; x_wconf 86' lang='lat' dir='ltr'><strong>Incerta</strong></span> <span class='ocrx_word' id='word_1_301' title='bbox 447 3863 491 3899; x_wconf 89' lang='lat' dir='ltr'><strong>res</strong></span> <span class='ocrx_word' id='word_1_302' title='bbox 514 3852 556 3898; x_wconf 88' lang='lat' dir='ltr'><strong>est</strong></span> <span class='ocrx_word' id='word_1_303' title='bbox 578 3850 608 3898; x_wconf 89' lang='lat' dir='ltr'><strong>in</strong></span> <span class='ocrx_word' id='word_1_304' title='bbox 629 3847 712 3898; x_wconf 82' lang='lat' dir='ltr'><strong>Accii</strong></span> <span class='ocrx_word' id='word_1_305' title='bbox 732 3863 816 3901; x_wconf 84' lang='lat' dir='ltr'><strong>versu</strong></span> <span class='ocrx_word' id='word_1_306' title='bbox 838 3843 985 3913; x_wconf 83' lang='lat' dir='ltr'><strong>(praetext.</strong></span> <span class='ocrx_word' id='word_1_307' title='bbox 1010 3846 1041 3895; x_wconf 82' lang='lat'><strong>16</strong></span> <span class='ocrx_word' id='word_1_308' title='bbox 1063 3843 1108 3908; x_wconf 87' lang='lat' dir='ltr'><strong>R.)</strong></span> <span class='ocrx_word' id='word_1_309' title='bbox 1134 3845 1182 3896; x_wconf 89' lang='lat' dir='ltr'><strong>cit.</strong></span> <span class='ocrx_word' id='word_1_310' title='bbox 1208 3862 1251 3912; x_wconf 83' lang='lat' dir='ltr'><strong>ap.</strong></span> <span class='ocrx_word' id='word_1_311' title='bbox 1274 3845 1345 3897; x_wconf 88' lang='lat' dir='ltr'><strong>Non.</strong></span> 
     </span>
     <span class='ocr_line' id='line_1_35' title="bbox 201 3931 1344 4000; baseline -0.003 -16"><span class='ocrx_word' id='word_1_312' title='bbox 201 3949 228 4000; x_wconf 89' lang='lat' dir='ltr'><strong>p.</strong></span> <span class='ocrx_word' id='word_1_313' title='bbox 246 3935 305 3986; x_wconf 76' lang='lat'><strong>200.</strong></span> <span class='ocrx_word' id='word_1_314' title='bbox 341 3933 447 3985; x_wconf 81' lang='lat' dir='ltr'><strong>‘Caetra</strong></span> <span class='ocrx_word' id='word_1_315' title='bbox 465 3933 528 3984; x_wconf 78' lang='lat' dir='ltr'><strong>haee</strong></span> <span class='ocrx_word' id='word_1_316' title='bbox 544 3941 692 3985; x_wconf 75' lang='lat' dir='ltr'><strong>restruunt:</strong></span> <span class='ocrx_word' id='word_1_317' title='bbox 715 3935 807 3998; x_wconf 82' lang='lat' dir='ltr'><strong>optime</strong></span> <span class='ocrx_word' id='word_1_318' title='bbox 830 3935 895 3984; x_wconf 79' lang='lat' dir='ltr'><strong>cesis</strong></span> <span class='ocrx_word' id='word_1_319' title='bbox 918 3933 1021 3982; x_wconf 84' lang='lat' dir='ltr'><strong>meritus</strong></span> <span class='ocrx_word' id='word_1_320' title='bbox 1039 3947 1056 3980; x_wconf 85' lang='lat' dir='ltr'><strong>o</strong></span> <span class='ocrx_word' id='word_1_321' title='bbox 1073 3931 1160 3982; x_wconf 81' lang='lat' dir='ltr'><strong>notte’</strong></span> <span class='ocrx_word' id='word_1_322' title='bbox 1182 3931 1231 3980; x_wconf 88' lang='lat' dir='ltr'><strong>ubi</strong></span> <span class='ocrx_word' id='word_1_323' title='bbox 1248 3933 1344 3981; x_wconf 78' lang='lat' dir='ltr'><strong>‘ereis’</strong></span> 
     </span>
    </p>
   </div>
   <div class='ocr_carea' id='block_1_4' title="bbox 189 4019 1344 4170">
    <p class='ocr_par' dir='ltr' id='par_1_7' title="bbox 189 4019 1344 4170">
     <span class='ocr_line' id='line_1_36' title="bbox 189 4019 324 4069; baseline -0.015 1"><span class='ocrx_word' id='word_1_324' title='bbox 189 4061 191 4064; x_wconf 94' lang='lat'>.</span> <span class='ocrx_word' id='word_1_325' title='bbox 254 4019 324 4069; x_wconf 88' lang='lat' dir='ltr'><strong>hiu.</strong></span> 
     </span>
     <span class='ocr_line' id='line_1_37' title="bbox 200 4020 1344 4170; baseline -0.003 -14"><span class='ocrx_word' id='word_1_326' title='bbox 200 4020 254 4070; x_wconf 57' lang='lat'><strong>30)</strong></span> <span class='ocrx_word' id='word_1_327' title='bbox 268 4103 289 4169; x_wconf 82' lang='lat'><strong>³)</strong></span> <span class='ocrx_word' id='word_1_328' title='bbox 303 4035 443 4170; x_wconf 73' lang='lat' dir='ltr'><strong>sExempla</strong></span> <span class='ocrx_word' id='word_1_329' title='bbox 462 4103 539 4155; x_wconf 85' lang='lat' dir='ltr'><strong>addit</strong></span> <span class='ocrx_word' id='word_1_330' title='bbox 561 4103 646 4154; x_wconf 84' lang='lat' dir='ltr'><strong>Ennii</strong></span> <span class='ocrx_word' id='word_1_331' title='bbox 662 4103 731 4153; x_wconf 86' lang='lat' dir='ltr'><strong>Ann.</strong></span> <span class='ocrx_word' id='word_1_332' title='bbox 748 4105 799 4156; x_wconf 86' lang='grc'><strong>486</strong></span> <span class='ocrx_word' id='word_1_333' title='bbox 822 4100 904 4153; x_wconf 83' lang='lat' dir='ltr'><strong>‘Dum&#39;</strong></span> <span class='ocrx_word' id='word_1_334' title='bbox 920 4103 1019 4169; x_wconf 80' lang='lat' dir='ltr'><strong>quidem</strong></span> <span class='ocrx_word' id='word_1_335' title='bbox 1040 4117 1103 4152; x_wconf 80' lang='lat' dir='ltr'><strong>unus</strong></span> <span class='ocrx_word' id='word_1_336' title='bbox 1125 4101 1196 4153; x_wconf 75' lang='lat' dir='ltr'><strong>domo</strong></span> <span class='ocrx_word' id='word_1_337' title='bbox 1219 4101 1344 4152; x_wconf 83' lang='lat' dir='ltr'><strong>Romanus</strong></span> 
     </span>
    </p>
   </div>
   <div class='ocr_carea' id='block_1_5' title="bbox 200 4185 1428 4255">
    <p class='ocr_par' dir='ltr' id='par_1_8' title="bbox 200 4185 1428 4255">
     <span class='ocr_line' id='line_1_38' title="bbox 200 4185 1428 4255; baseline -0.004 -16"><span class='ocrx_word' id='word_1_338' title='bbox 200 4197 259 4255; x_wconf 75' lang='lat' dir='ltr'><strong>lopo</strong></span> <span class='ocrx_word' id='word_1_339' title='bbox 276 4191 440 4254; x_wconf 52' lang='lat' dir='ltr'><strong>superescat,</strong></span> <span class='ocrx_word' id='word_1_340' title='bbox 460 4194 488 4240; x_wconf 85' lang='lat' dir='ltr'><strong>et</strong></span> <span class='ocrx_word' id='word_1_341' title='bbox 505 4189 587 4240; x_wconf 88' lang='lat' dir='ltr'><strong>Accii</strong></span> <span class='ocrx_word' id='word_1_342' title='bbox 605 4188 751 4255; x_wconf 83' lang='lat' dir='ltr'><strong>Chrysipp.</strong></span> <span class='ocrx_word' id='word_1_343' title='bbox 773 4203 799 4239; x_wconf 84' lang='lat' dir='ltr'><strong>v.</strong></span> <span class='ocrx_word' id='word_1_344' title='bbox 817 4189 866 4238; x_wconf 80' lang='lat'><strong>261</strong></span> <span class='ocrx_word' id='word_1_345' title='bbox 886 4186 946 4248; x_wconf 79' lang='lat' dir='ltr'><strong>‘Qui</strong></span> <span class='ocrx_word' id='word_1_346' title='bbox 967 4187 1026 4238; x_wconf 77' lang='lat' dir='ltr'><strong>hine</strong></span> <span class='ocrx_word' id='word_1_347' title='bbox 1047 4187 1203 4252; x_wconf 80' lang='lat' dir='ltr'><strong>superescit,</strong></span> <span class='ocrx_word' id='word_1_348' title='bbox 1222 4185 1343 4251; x_wconf 82' lang='lat' dir='ltr'><strong>Spartam</strong></span> <span class='ocrx_word' id='word_1_349' title='bbox 1426 4193 1428 4200; x_wconf 89' lang='grc'><strong>’</strong></span> 
     </span>
    </p>
   </div>
   <div class='ocr_carea' id='block_1_6' title="bbox 157 4262 1343 4411">
    <p class='ocr_par' dir='ltr' id='par_1_9' title="bbox 157 4262 1343 4411">
     <span class='ocr_line' id='line_1_39' title="bbox 199 4262 1343 4340; baseline -0.004 -16"><span class='ocrx_word' id='word_1_350' title='bbox 199 4275 247 4339; x_wconf 80' lang='lat' dir='ltr'><strong>(et)</strong></span> <span class='ocrx_word' id='word_1_351' title='bbox 265 4281 342 4340; x_wconf 72' lang='lat' dir='ltr'><strong>atque</strong></span> <span class='ocrx_word' id='word_1_352' title='bbox 361 4275 482 4340; x_wconf 80' lang='lat' dir='ltr'><strong>Ampelos</strong></span> <span class='ocrx_word' id='word_1_353' title='bbox 499 4276 576 4326; x_wconf 80' lang='lat' dir='ltr'><strong>trado</strong></span> <span class='ocrx_word' id='word_1_354' title='bbox 595 4272 687 4340; x_wconf 80' lang='lat' dir='ltr'><strong>(epo).&#39;</strong></span> <span class='ocrx_word' id='word_1_355' title='bbox 723 4262 851 4324; x_wconf 79' lang='lat' dir='ltr'><strong>Ceterum</strong></span> <span class='ocrx_word' id='word_1_356' title='bbox 869 4272 903 4322; x_wconf 91' lang='lat' dir='ltr'><strong>de</strong></span> <span class='ocrx_word' id='word_1_357' title='bbox 923 4273 1007 4322; x_wconf 78' lang='lat' dir='ltr'><strong>‘escit’</strong></span> <span class='ocrx_word' id='word_1_358' title='bbox 1027 4270 1063 4324; x_wconf 81' lang='lat' dir='ltr'><strong>cf.</strong></span> <span class='ocrx_word' id='word_1_359' title='bbox 1083 4287 1116 4321; x_wconf 86' lang='lat' dir='ltr'><strong>ex</strong></span> <span class='ocrx_word' id='word_1_360' title='bbox 1134 4270 1272 4336; x_wconf 85' lang='lat' dir='ltr'><strong>prioribus</strong></span> <span class='ocrx_word' id='word_1_361' title='bbox 1291 4271 1343 4320; x_wconf 89' lang='lat' dir='ltr'><strong>cri-</strong></span> 
     </span>
     <span class='ocr_line' id='line_1_40' title="bbox 157 4353 1171 4411; baseline -0.005 -2"><span class='ocrx_word' id='word_1_362' title='bbox 157 4367 161 4374; x_wconf 88' lang='lat'>&#39;</span> <span class='ocrx_word' id='word_1_363' title='bbox 199 4360 263 4410; x_wconf 86' lang='lat' dir='ltr'><strong>ticis</strong></span> <span class='ocrx_word' id='word_1_364' title='bbox 282 4360 399 4410; x_wconf 81' lang='lat' dir='ltr'><strong>maxime</strong></span> <span class='ocrx_word' id='word_1_365' title='bbox 417 4359 563 4411; x_wconf 76' lang='lat' dir='ltr'><strong>Turnebus</strong></span> <span class='ocrx_word' id='word_1_366' title='bbox 581 4357 650 4410; x_wconf 79' lang='grc' dir='ltr'><strong>Λᾶν.</strong></span> <span class='ocrx_word' id='word_1_367' title='bbox 670 4359 694 4408; x_wconf 89' lang='grc' dir='ltr'>Χ</span> <span class='ocrx_word' id='word_1_368' title='bbox 715 4360 745 4407; x_wconf 81' lang='grc'><strong>15</strong></span> <span class='ocrx_word' id='word_1_369' title='bbox 764 4362 792 4407; x_wconf 88' lang='lat' dir='ltr'><strong>ct</strong></span> <span class='ocrx_word' id='word_1_370' title='bbox 810 4355 940 4408; x_wconf 78' lang='lat' dir='ltr'><strong>Cuiacius</strong></span> <span class='ocrx_word' id='word_1_371' title='bbox 959 4355 1040 4408; x_wconf 86' lang='lat' dir='ltr'><strong>Obss.</strong></span> <span class='ocrx_word' id='word_1_372' title='bbox 1060 4356 1111 4406; x_wconf 92' lang='lat' dir='ltr'><strong>VII</strong></span> <span class='ocrx_word' id='word_1_373' title='bbox 1132 4353 1171 4405; x_wconf 87' lang='lat'><strong>18.</strong></span> 
     </span>
    </p>
   </div>
   <div class='ocr_carea' id='block_1_7' title="bbox 1093 4439 1138 4502">
    <p class='ocr_par' dir='ltr' id='par_1_10' title="bbox 1093 4439 1138 4502">
     <span class='ocr_line' id='line_1_41' title="bbox 1093 4439 1138 4502; baseline 0 -24"><span class='ocrx_word' id='word_1_374' title='bbox 1093 4439 1138 4502; x_wconf 70' lang='grc'><strong>7*</strong></span> 
     </span>
    </p>
   </div>
   <div class='ocr_carea' id='block_1_8' title="bbox 0 0 1646 4970">
    <p class='ocr_par' dir='ltr' id='par_1_11' title="bbox 0 0 1646 4970">
     <span class='ocr_line' id='line_1_42' title="bbox 0 0 1646 4970; baseline 0 4"><span class='ocrx_word' id='word_1_375' title='bbox 0 0 1646 4970; x_wconf 95' lang='lat' dir='ltr'><strong> </strong></span> 
     </span>
    </p>
   </div>
  </div>
 </body>
</html>
