3282 4992
160 301 170 306 “
272 296 314 359 30
690 307 802 354 onrvr
824 307 1000 354 nnrnnvn.

271 452 370 549 quam
385 461 507 528 idcirco
522 485 589 527 non
605 484 642 526 eo
658 461 832 547 procedam
848 483 922 526 cum
933 460 1095 526 Merkelio
1111 460 1133 524 l.
1146 460 1179 542 1.,
1191 470 1228 526 01
1238 483 1296 526 eos
1308 483 1422 527 omnes

271 588 338 630 non
353 587 395 630 ex
410 565 512 652 ipsius
528 564 567 628 L.
585 563 691 646 Aelii,
708 562 766 628 sed
782 585 824 628 ex
839 561 1074 650 discipulorum
1091 562 1161 630 eius
1176 563 1321 628 maxime
1336 563 1422 628 Var-

228 672 232 678 '
271 668 369 733 ronis·
382 666 514 754 scriptis
537 665 673 731 haustos
695 664 848 756 aVcrrio
870 687 942 730 esse
964 673 1121 731 statuam:
1145 665 1201 752 qui
1220 666 1303 730 mire
1326 687 1422 750 argn-

215 817 216 822 .
257 777 435 860 'mentatur
455 791 520 833 non
542 767 691 833 decuisse
706 767 860 832 Verrium
880 765 1076 858 familiarem
1096 768 1300 854 eandemque
1319 767 1422 833 hono-

272 871 399 936 rificam
420 869 683 959 appellationem.
716 867 782 934 Sed
803 869 935 956 propior
958 893 1078 935 caussa
1097 879 1159 934 est.
1188 870 1353 936 Nimirum
1368 870 1424 935 vir

270 972 514 1038 illustrissimus
538 974 823 1059 ‘antiquitatisque
838 973 1004 1038 Romanae
1020 981 1052 1037 et
1066 974 1101 1037 in
1116 973 1257 1039 inventis
1273 972 1371 1037 rebus
1386 980 1423 1036 et

271 1077 305 1140 in
314 1076 395 1140 actis
406 1074 664 1161 scriptorumque
674 1085 821 1140 veterum
832 1074 973 1140 litterate
983 1073 1257 1160 peritus'(Cicero
1265 1070 1421 1156 Brutos,

270 1178 359 1260 205),
376 1177 611 1262 grammaticae
625 1175 817 1264 disciplinae
839 1177 988 1242 conditor
1013 1185 1047 1242 et
1061 1185 1236 1262 patronus,
1257 1176 1420 1242 Varronis

271 1279 431 1365 magister
444 1302 464 1343 a
475 1279 595 1367 populo
606 1276 788 1346 celebratus
803 1271 916 1344 carere
926 1273 1056 1366 poterat
1064 1279 1269 1348 accuratiore
1280 1279 1422 1343 nominis

272 1381 527 1468 significatione:
550 1381 591 1446 de
611 1382 667 1449 illo
688 1382 857 1467 cogitabat
876 1371 1024 1468 quisquis
1046 1363 1134 1446 Aelii
1152 1403 1272 1448 nomen
1291 1379 1421 1466 praedi·
1483 1417 1487 1421 -
1584 1376 1587 1381 ’

273 1485 345 1548 cari
357 1483 522 1550 audiebat.
555 1483 679 1550 Contra
694 1483 781 1549 Aelii
798 1483 888 1550 Calli
903 1493 936 1548 et
955 1485 1043 1548 intra
1062 1491 1221 1568 angustos
1243 1482 1323 1546 fines
1346 1503 1420 1547 sese

188 1589 191 1599 '
272 1587 436 1652 continuit
456 1585 607 1652 doctrina
630 1596 667 1651 et
686 1585 730 1652 ad
751 1586 903 1671 augenda
930 1584 1116 1673 aequalium
1143 1583 1254 1650 studia
1280 1585 1418 1669 gravius
1465 1631 1470 1637 ·

271 1695 471 1754 momentum
486 1687 612 1758 nullum
626 1688 753 1755 habuit.
770 1689 862 1770 Quae
878 1711 952 1754 cum
966 1689 1013 1753 ita
1029 1687 1105 1770 sint,
1120 1688 1187 1752 ium
1202 1709 1276 1751 cum
1292 1709 1420 1752 summa

272 1789 471 1856 confidentia
485 1791 698 1878 pronuntiare
713 1790 806 1857 licet:
828 1791 1015 1877 ubicunque
1035 1789 1124 1878 apud
1145 1789 1322 1876 scriptores
1344 1787 1418 1852 sim·

271 1891 349 1979 plex
369 1891 456 1956 Aelii
477 1893 598 1959 mentio
620 1903 727 1978 extet,
751 1916 852 1958 unum
871 1893 911 1958 L.
933 1892 1063 1957 Aelium
1083 1890 1241 1958 Stilonem
1261 1889 1418 1974 intellegi.

271 1995 324 2060 De
345 2015 411 2081 qua
431 2017 465 2060 rc
486 2003 524 2060 ut
544 1982 638 2060 nemo
660 1988 826 2063 dubitabit
847 1995 936 2082 apud
952 1995 1144 2060 Ciceronem
1164 1981 1256 2058 Brut.
1273 1992 1417 2075 467169.

272 2096 512 2178 Quintilianum
533 2097 551 2162 I
571 2097 607 2180 6,
629 2099 680 2163 37.
708 2085 899 2164 Suetdnium
920 2095 961 2162 de
983 2119 1120 2182 gramm.
1146 2100 1178 2160 et
1198 2096 1280 2160 rhet.
1301 2118 1333 2181 p.
1358 2095 1418 2160 101

271 2199 366 2263 Reiff.
382 2209 414 2264 et
429 2223 461 2287 p.
479 2199 539 2264 138
561 2198 646 2284 (1000
662 2223 682 2264 a
697 2199 964 2275 Reifferscheidio
981 2197 1186 2285 emendato),
1203 2197 1353 2263 Servium
1375 2195 1419 2260 ad

271 2301 364 2386 Virg.
383 2301 444 2367 Ge.
462 2301 480 2366 I
495 2301 546 2366 75.
569 2302 733 2368 Isidorum
750 2303 806 2368 Or.
823 2301 857 2366 X
874 2301 944 2366 159.
968 2300 1152 2366 Arnobium
1167 2300 1243 2372 adv.
1260 2308 1348 2386 gent.
1364 2297 1439 2388 III·

270 2403 327 2468 38:
354 2404 402 2468 ita
422 2411 473 2468 est
492 2412 602 2468 tamen
617 2394 685 2470 'ubi
711 2404 889 2468 etiamnum
909 2405 1152 2492 controversiae
1178 2403 1321 2468 obnoxia
1346 2423 1418 2468 esse

270 2513 412 2591 putetur.
722 2505 742 2520 ”
936 2557 939 2563 .
1397 2492 1399 2500 ’

355 2609 466 2694 Atque
476 2607 510 2672 in
521 2607 689 2674 Ciceronis
701 2609 834 2695 Topicis
847 2631 875 2674 c.
888 2607 919 2690 2,
931 2609 971 2672 10
987 2616 1064 2691 ‘cum
1079 2605 1132 2673 lex'
1141 2613 1261 2672 assiduo
1273 2611 1418 2671 uindicem

271 2713 424 2774 assiduum
439 2730 502 2774 csse
515 2715 623 2784 lubeat,
635 2718 808 2791 locupletem
823 2716 902 2775 lubet
914 2718 1067 2790 locupleti:
1082 2717 1211 2790 locuples
1221 2716 1299 2774 enlm
1310 2720 1355 2774 cst
1363 2731 1417 2772 us-

270 2816 388 2890 clunes,
406 2822 440 2876 ul
455 2817 499 2876 ull
509 2815 650 2891 Aelius,
667 2821 837 2893 appellatus
858 2818 895 2877 ab
910 2833 981 2878 acre
997 2811 1032 2897 (l.
1048 2814 1128 2896 usse)
1145 2818 1265 2876 dundo'
1282 2812 1323 2876 de
1339 2811 1415 2876 Sex.

271 2913 367 2978 Aelio
377 2913 463 2977 ‘haec
475 2913 638 3002 accipiunt
653 2938 726 2981 cum
742 2915 816 2984 aliis
826 2915 1024 2996 Dirksenus‚
1034 2917 1247 2999 Suringarus,
1262 2911 1416 2994 Orellius‚

270 3015 530 3100 Huschklus,de
538 3017 677 3085 CAelio
686 3017 783 3085 Gallo
792 3019 958 3104 Eggerus3
970 3040 1142 3105 perperam
1154 3025 1341 3103 utrumque,
1349 3016 1416 3102 opi·

271 3139 341 3184 nor.
358 3117 443 3183 Nam
450 3115 582 3184 Aelium
590 3110 724 3186 Gallum
734 3145 800 3188 non
810 3123 916 3206 magis
924 3121 1038 3187 Cicero
1050 3119 1145 3186 novit
1156 3119 1383 3206 quam-Varr03
1397 3139 1417 3186 a
1444 3149 1448 3154 ·

179 3232 180 3236 ’
270 3221 391 3286 veteris
406 3211 516 3288 autem
528 3222 600 3289 ICti
611 3224 720 3290 indole
735 3223 889 3291 abhorret
904 3221 1121 3309 etymologica
1133 3221 1225 3309 vocis
1242 3219 1416 3308 explicatio
1473 3245 1477 3252 ·

271 3321 374 3406 qualis
390 3322 479 3388 Aelii
493 3327 701 3409 grammatici
716 3325 847 3390 demum
861 3324 1011 3391 doctrina
1026 3323 1197 3388 informari
1211 3323 1331 3410 potuit.
1358 3323 1417 3388 At·

271 3445 334 3509 que
349 3423 464 3489 codem
480 3424 631 3492 ducimur
645 3427 739 3512 inde,
755 3429 844 3514 quod
858 3430 891 3492 in
903 3426 1001 3493 Pauli
1013 3427 1177 3514 excerptis
1194 3449 1225 3512 p.
1240 3427 1261 3490 9
1275 3449 1307 3492 v.
1324 3425 1416 3490 Assi-

271 3525 355 3589 duus
367 3525 481 3590 eadem
492 3529 656 3595 derivatio
670 3540 940 3596 commemoratur
953 3537 1094 3594 ‘ellicum
1105 3536 1282 3610 pulsumptu
1291 3534 1417 3608 proptio

123 3700 125 3704 .
246 3639 248 3643 ’
270 3632 417 3692 00000101
423 3677 432 3710 ,
449 3634 486 3693 ab
502 3650 584 3696 asse
599 3637 721 3698 dando
736 3644 869 3698 vocatura
884 3631 1140 3712 existimarunt'1)
1157 3630 1209 3722 cui
1223 3618 1362 3715 Verrius
1379 3630 1417 3692 ni
1491 3703 1495 3707 .

271 3923 407 3988 cogitavit
425 3928 535 3976 etanta
560 3940 620 3976 eum
637 3941 693 3976 van
711 3923 864 3988 Heusdius3
889 3925 937 3990 qui
959 3926 1038 3990 peius
1062 3926 1147 3977 stiam
1164 3941 1189 3990 p.
1209 3898 1258 3976 327
1277 3939 1303 3974 v.
1324 3921 1415 3974 Salios

272 4007 421 4060 ‘Critolaus’
439 4011 558 4062 mutavit
575 4011 604 4060 in
622 4010 699 4085 ‘Stilo
716 4012 825 4070 Aelius’,
845 4011 926 4075 quasi
943 4011 1053 4061 veniam
1071 4007 1134 4061 inde
1152 4014 1264 4070 nactus,
1284 4010 1415 4074 quoniam

271 4093 300 4142 et
317 4091 425 4146 Aelium
450 4100 560 4146 constat
583 4096 706 4148 carmina
730 4095 851 4146 Saliaria
874 4096 1069 4162 explanavisse
1093 4099 1121 4146 et
1144 4094 1285 4147 Critolaus
1309 4095 1358 4164 qui
1379 4095 1416 4144 sit

270 4191 436 4242 rgnoramus.

340 4277 360 4343 ¹)
379 4270 450 4332 redit
468 4285 553 4336 etiam
571 4283 644 4352 apud
663 4283 825 4335 Ciceronem
843 4283 876 4336 de
894 4301 953 4350 rep.
966 4285 994 4336 II
1007 4285 1048 4348 22,
1066 4286 1100 4334 40
1117 4283 1177 4334 sine
1196 4283 1319 4336 auctoris
1338 4294 1415 4333 men-

271 4363 361 4424 tione,
379 4366 427 4417 ubi
444 4368 540 4424 itidem
559 4371 610 4424 ‘ab
630 4387 688 4422 acce
706 4368 811 4422 dando‘
836 4385 897 4422 cum
916 4370 1029 4421 Osanno
1052 4368 1266 4434 restituendum,
1288 4373 1320 4419 01
1342 4369 1414 4419 idem
