3282 4970
318 336 434 410 104¹
577 329 581 338 ’
736 350 848 398 csrvr
872 350 1048 412 ovlurvu.

317 499 575 595 ‘usum-rapere'
592 515 796 593 —praestat
819 505 935 592 opinor
950 511 1214 593 ‘usum-rupere’
1237 506 1299 572 etsi
1320 507 1361 575 ad
1377 505 1465 572 idem

318 618 417 696 caput
434 608 522 674 redit
536 645 578 656 --
592 607 679 674 unde
700 608 825 674 factum
840 607 1066 694 ‘usu-ripare’
1102 609 1174 674 Iam
1194 630 1328 695 prorsus
1351 609 1466 674 eodem

316 711 414 778 modo
435 733 546 776 usum
572 733 715 799 capere
738 711 766 775 is
789 710 977 800 dicebatur,
1000 711 1054 776 cui
1075 731 1154 775 usus
1176 733 1196 776 a
1215 710 1343 776 nemine
1364 711 1465 778 inter·

317 823 434 902 ruptus
456 814 604 900 legitimo
625 823 771 899 tempore
794 811 997 898 explebatur.
1036 811 1090 876 Ex
1114 819 1205 878 ‘usus
1223 813 1330 900 capio’
1354 821 1466 877 autem

318 915 490 982 coniuncte
516 916 639 1004 scripto
669 916 850 1002 ‘usucapio'
879 913 1025 980 effictum
1055 924 1106 980 est
1128 913 1219 979 haud
1245 936 1339 980 secus
1369 923 1468 1002 atque

319 1023 500 1100 ‘leqt'ruqr'o'
522 1017 610 1104 apud
630 1016 786 1082 Plautum
807 1015 892 1085 Rud.
909 1015 1014 1098 1114,
1029 1017 1064 1080 4:
1092 1016 1179 1082 unde
1205 1018 1365 1104 posterior
1389 1039 1467 1104 pru·

319 1121 464 1189 dentium
485 1107 632 1187 docmina
651 1121 759 1207 priore
780 1117 1020 1204 significatione
1040 1117 1231 1185 oblitterata
1249 1126 1324 1184 ‘usu
1345 1121 1468 1204 capio',

319 1233 395 1288 ‘usu
411 1228 540 1311 capere'
561 1223 717 1304 diiunxit,
740 1219 825 1286 ‘'usu'
848 1243 890 1285 ex
915 1220 1153 1287 consuetudine
1172 1221 1296 1287 forensi
1315 1222 1351 1286 in
1376 1220 1467 1287 inve·

316 1335 444 1392 teratae
459 1325 676 1412 possessionis
694 1331 822 1411 partem
838 1332 983 1410 accepto.
1021 1322 1174 1390 Ueterum
1189 1321 1300 1409 aliqua
1315 1333 1469 1410 exparte

317 1427 395 1496 licet
410 1428 445 1492 in
459 1427 735 1515 comparationem
750 1447 869 1492 vocare
884 1433 1028 1490 veterem
1043 1425 1241 1492 locutionem
1256 1433 1347 1490 ‘usus
1362 1425 1467 1493 venit'

319 1531 408 1617 apud
424 1529 565 1597 comicos
587 1530 719 1596 obviam
735 1527 793 1616 (cf.
809 1526 918 1592 Plaut.
933 1525 1004 1593 Mil.
1022 1527 1038 1590 l
1055 1530 1084 1609 1,
1100 1529 1132 1592 5.
1155 1528 1230 1592 Ter.
1245 1527 1352 1592 Heau.
1368 1527 1467 1609 1112,

318 1633 372 1698 42.
386 1633 443 1718 46)
451 1681 460 1715 ,
477 1671 511 1679 -—
533 1652 593 1719 pro
608 1653 674 1717 qua
688 1629 857 1697 Ciceronis
873 1637 981 1695 aetate
995 1637 1185 1720 constanter
1201 1634 1281 1694 ‘usu
1295 1630 1402 1696 venit'
1418 1628 1467 1694 di·

317 1735 463 1802 uebatur.

404 1837 507 1902 Porro
526 1873 561 1883 -
578 1845 615 1901 ut
630 1835 763 1900 redeam
782 1835 868 1899 unde
890 1833 1025 1905 deflexit
1046 1833 1283 1921 disputatio-
1298 1857 1319 1899 a
1339 1844 1468 1900 senten-

320 1939 441 2004 tiarum
461 1960 558 2025 quem
584 1937 656 2004 dixi
675 1958 762 2004 nexu
783 1937 849 2023 legi
869 1936 940 2001 XII
960 1937 1100 2024 proprio.
1115 1935 1319 2024 aliquantum
1343 1937 1470 2003 recedit

320 2041 403 2128 legis
433 2041 473 2106 de
501 2041 616 2126 tigno
651 2039 786 2105 iuncto
818 2037 883 2124 (VI
911 2038 1008 2125 tsse)
1038 2038 1202 2106 restitutio
1233 2040 1396 2125 sagaciter
1424 2040 1468 2106 ab

276 2221 280 2228 1
320 2142 495 2210 Huschkio
513 2152 667 2231 suscepta
681 2141 737 2207 ‘ad
751 2141 857 2234 legem
869 2140 939 2206 XII
949 2140 1038 2208 tabb.
1048 2141 1089 2206 de
1101 2141 1193 2227 tigno
1208 2142 1320 2210 iuncto
1336 2151 1467 2210 oomm.’

321 2269 354 2333 p.
370 2245 414 2311 29
434 2249 577 2324 ‘Tiqnum
597 2251 728 2310 iunctum
751 2249 873 2310 nedibus
893 2248 1016 2309 ninenne
1036 2249 1091 2309 sei
1108 2249 1248 2325 concupi
1252 2255 1264 2308 t
1270 2297 1277 2324 ‚
1299 2267 1337 2310 nc
1355 2250 1468 2317 soluite,

323 2354 433 2430 (neque
449 2341 550 2429 uinea)
567 2353 745 2429 quandoque
759 2357 864 2428 snrptn
874 2347 908 2432 ¹),
925 2350 1018 2419 donec
1033 2350 1269 2428 dampnarunt,
1286 2352 1385 2428 (liqna
1400 2355 1470 2413 vin·
1494 2346 1497 2351 ’

322 2457 428 2518 dicito:
454 2462 502 2516 nst
520 2457 573 2531 qui
594 2457 706 2529 iunxit,
729 2455 870 2530 duplione
889 2454 1032 2513 damnum
1053 2453 1219 2531 decidium?
1257 2450 1319 2517 Oui
1338 2459 1470 2539 praeter

321 2553 404 2620 alios
420 2576 480 2620 suo
496 2551 623 2620 calculo
639 2551 832 2639 adstipulati
847 2559 923 2618 sunt
938 2550 1065 2620 Puchta
1079 2550 1198 2639 Script.
1212 2553 1289 2618 min.
1304 2553 1406 2640 p.292
1419 2577 1470 2640 sq.

321 2658 405 2723 Inst.
426 2655 529 2738 §.232
550 2655 606 2721 dd.
633 2664 666 2721 et
685 2655 909 2740 Boeekingius
932 2652 1035 2719 Pand.
1057 2657 1077 2736 ξ
1100 2653 1162 2720 140
1181 2677 1213 2721 n.
1234 2655 1286 2722 23.
1330 2655 1469 2720 Verum-

322 2769 432 2823 tamen
446 2779 562 2844 parum
576 2756 631 2822 ille
647 2755 861 2844 probabiliter
876 2756 1009 2823 diversa
1022 2755 1057 2820 in
1070 2779 1170 2822 unum
1186 2757 1294 2843 coegit
1307 2757 1472 2846 particula

324 2866 440 2940 ‘neque'
455 2897 498 2908 -
513 2858 660 2925 debebat
677 2857 792 2924 saltem
809 2864 903 2922 ‘ncne’
920 2881 977 2922 -ε
1001 2879 1075 2924 cum
1100 2859 1191 2946 prius
1217 2863 1400 2927 membrum
1425 2861 1471 2926 ad

323 2962 422 3028 aedes
438 2972 470 3028 et
485 2963 634 3044 vineam,
656 2960 792 3026 alterum
814 2971 930 3047 suapte
951 2969 1070 3026 natura
1091 2962 1135 3027 ad
1155 2959 1257 3028 solam
1272 2963 1404 3029 vineam
1418 2986 1473 3033 re-.

325 3065 444 3154 spiciat
458 3103 500 3112 -
515 3063 551 3128 id
566 3065 654 3152 quod
669 3087 710 3140 ne
724 3065 833 3151 ipsum
848 3063 981 3151 quidem
997 3063 1207 3130 Huschkium
1221 3065 1403 3153 praeteriit,
1424 3066 1470 3133 ef.

324 3194 355 3255 p.
372 3168 413 3232 26
435 3189 483 3254 sq.
508 3190 561 3231 —z
590 3189 650 3233 nec
672 3167 779 3233 minus
802 3166 987 3253 refragetur
1006 3165 1096 3231 idem
1117 3166 1318 3234 vocabulum
1338 3167 1469 3235 diverso

324 3269 405 3336 adeo
426 3292 562 3336 numero
578 3270 753 3356 repetitum
768 3272 892 3349 ‘tiqnum
908 3303 948 3318 -ν
964 3274 1072 3348 liqna!
1109 3268 1220 3352 Quare
1245 3268 1295 3334 his
1321 3280 1471 3357 praestat

324 3371 428 3438 altera
451 3371 536 3439 ratio
564 3393 662 3458 quam
687 3371 775 3437 idem
801 3373 986 3458 proposuit,
1017 3371 1075 3436 sed
1100 3381 1149 3437 ut'
1167 3371 1331 3438 duriorem
1356 3372 1471 3440 reiecit

323 3496 356 3561 p.
371 3473 459 3538 2411.
475 3473 518 3537 42
533 3479 723 3553 ‘quandoque
737 3484 856 3554 surpta,
881 3479 975 3539 dureo
990 3477 1109 3555 dempta
1125 3485 1215 3540 erum
1228 3481 1326 3554 liqna,
1342 3496 1379 3541 ne
1398 3481 1468 3542 vin-

320 3581 433 3642 dicito!

407 3677 493 3743 Tum
515 3679 602 3764 quod
618 3677 787 3745 Ouiacium
809 3703 850 3745 ex
873 3687 966 3766 parte
982 3680 1145 3768 secutus2)
1167 3680 1299 3767 scripsit
1319 3687 1374 3746 ‘sei
1392 3701 1468 3747 con-

394 3971 414 4037 1)
433 3971 543 4034 ‘Sarpu
563 3974 724 4038 quandoque’
745 3987 837 4024 errore
855 3969 964 4027 tautum
981 3972 1113 4026 scribitur
1131 3989 1156 4038 p.
1176 3975 1224 4038 29,
1243 3973 1315 4024 unde
1334 3976 1470 4041 repetitur

325 4075 342 4110 a
365 4051 475 4110 Puchta
498 4061 526 4108 et
543 4056 717 4123 Boeckingio
740 4057 760 4108 l.
779 4056 799 4111 l.
818 4058 854 4108 cf.
878 4075 904 4124 p.
923 4060 939 4108 4
958 4063 986 4110 et
1003 4059 1044 4111 24.
1081 4057 1211 4110 Ceterum
1236 4075 1270 4110 ex
1293 4064 1373 4126 parte
1394 4060 1469 4112 viam

325 4143 446 4211 praeivit
468 4141 611 4194 Huschkio
629 4141 745 4193 Locella
767 4143 796 4192 in
819 4142 890 4195 libro
909 4144 988 4194 ‘Tria
1006 4147 1120 4194 tentam.
1141 4143 1176 4195 ad
1199 4143 1298 4198 illustr.
1316 4145 1370 4195 XII
1387 4145 1469 4196 tabu·

323 4229 380 4281 las’
398 4246 424 4295 p.
439 4230 488 4282 180
507 4228 673 4295 ‘Quandoque
689 4235 782 4293 sarpta
799 4230 872 4280 uinea
890 4231 960 4290 escit,
979 4231 1094 4280 donicum
1108 4232 1210 4295 dempta
1228 4223 1314 4291 duint,
1333 4233 1403 4296 tiqnu
1415 4233 1469 4282 uiu-

325 4317 413 4366 dt'care
429 4319 469 4366 ius
486 4318 566 4367 esto':
586 4314 643 4366 etsi
656 4315 823 4366 sententiam
841 4314 934 4368 effecit
952 4315 1128 4366 contrariam.

392 4414 414 4480 ²)
432 4416 556 4468 Fallitur
574 4421 666 4472 autem
684 4419 712 4468 in
731 4418 771 4470 eis
791 4417 912 4484 quaeda
931 4397 1043 4472 Ouiacii
1060 4419 1221 4471 coniectura
1240 4423 1277 4471 ‘et
1298 4420 1469 4485 concapttnm’
