3282 4992
353 281 400 338 ris
424 291 475 338 xn
499 290 712 339 rnnvnnnvu
735 291 912 351 uninovns
936 259 1182 340 connrcunnrs
1297 278 1340 341 63

282 450 375 510 ‘Vide
399 456 469 508 sunt
492 456 521 508 et
541 450 681 525 publicae
705 455 735 509 et
753 452 910 525 privatae:
935 451 1088 525 publicae,
1112 468 1171 526 per
1196 467 1271 525 quus
1296 455 1342 511 irc

196 551 329 612 umoribus
343 553 425 624 licet,
436 554 593 626 priuatae,
611 552 715 626 quihus
730 555 875 614 nemiuem
890 555 934 613 uli
948 554 1011 624 (ius
1024 557 1081 630 est)
1096 559 1220 626 praeter
1239 569 1341 613 eorum

195 659 410 729 quorumsuut
429 654 584 730 (nomine).
619 654 660 713 ut
682 653 740 715 hae
762 655 843 713 VIII
853 653 948 729 pedes
969 657 1001 714 iu
1022 653 1179 715 latitudine
1200 655 1341 732 (tabent)

198 758 263 816 iure
278 761 308 816 et
320 759 399 829 leae:
410 755 553 831 publicae
567 761 709 830 quonium
730 758 808 816 ratio
829 758 964 817 utilitatis
981 758 1134 831 permittit.
1165 761 1204 816 ut
1216 759 1258 816 iia
1272 761 1343 832 pri-

107 895 111 902 ·
182 864 282 918 cuiue
298 859 392 934 (iriae)
408 861 459 918 lex
474 858 601 918 iuhetX
607 859 652 917 VI
664 861 710 932 (in
726 858 876 932 usufructu
887 863 1046 934 stumque
1059 859 1151 933 pedes
1165 876 1236 919 esse.
1273 860 1343 919 llius

198 961 355 1037 (affluam)
372 960 494 1035 quistis
508 961 604 1020 verbis
618 964 731 1020 muniri
745 962 836 1030 iubet,
854 962 991 1036 publicus
1014 963 1117 1037 dicio:
1147 962 1246 1020 Viam
1263 979 1339 1020 mie·
1393 986 1397 994 v

198 1067 345 1122 ieiunio:
366 1067 405 1122 ui
417 1080 494 1122 sum
510 1065 808 1138 delapidussint‚
825 1081 896 1138 qua
912 1067 1007 1123 colet
1021 1066 1183 1123 iumenta
1199 1067 1319 1137 auito?

282 1164 478 1240 ‘Amseuetes'
495 1170 604 1227 autem
619 1162 833 1243 nominativo,
850 1163 961 1248 quine
977 1183 1019 1226 ex
1038 1183 1101 1225 usu
1115 1161 1245 1246 quidem
1262 1163 1343 1244 legis

200 1271 263 1344 est,
281 1263 381 1328 tutius
390 1261 598 1329 'carebimnsz
616 1287 690 1328 cum
711 1284 816 1350 neque
838 1263 878 1327 de
898 1263 1129 1348 formansque
1152 1262 1192 1327 de
1212 1263 1343 1327 notione

199 1366 269 1429 eius
285 1365 440 1432 vocabuli
456 1367 536 1430 satis
554 1374 696 1433 constet:
713 1366 755 1430 cf.
775 1363 941 1430 diversam
957 1363 1081 1429 aPanli
1093 1363 1343 1452 explicationem

200 1469 234 1531 in
256 1467 425 1532 Thesauro
446 1491 532 1532 novo
558 1468 667 1532 Latin.
693 1467 746 1532 ed.
766 1466 835 1531 Mai
864 1465 984 1550 (Closs.
1012 1475 1097 1531 auct.
1120 1465 1207 1530 VIII
1233 1490 1264 1553 p.
1287 1468 1342 1553 49)

202 1575 381 1649 ‘Arusepues
395 1581 506 1648 sepcies
517 1591 615 1650 prope
629 1577 730 1634 vium!

192 1700 195 1703 ⁴
282 1672 441 1736 Eiusdem
456 1673 650 1737 Mommseni
665 1671 824 1737 beneficio
841 1671 964 1736 factum
980 1681 1040 1754 est,
1056 1682 1093 1737 ut
1109 1671 1198 1736 aliud
1213 1694 1342 1757 qnoque

200 1774 298 1839 decus
316 1773 372 1840 diu
388 1773 536 1840 debitum
548 1773 619 1840 XII
634 1773 755 1839 tabulis
772 1773 904 1839 tandem
919 1772 1123 1838 redderetur.
1141 1773 1273 1838 Etenim
1287 1774 1345 1838 vix

199 1875 358 1942 credibile
373 1885 425 1942 est
440 1899 482 1942 ex
499 1876 669 1958 omnibu,
690 1875 875 1964 quicunque
894 1877 928 1940 in
943 1875 1136 1960 fragmentis
1158 1874 1240 1962 legis
1257 1873 1344 1940 colli·

199 1979 316 2064 gendis
333 1977 557 2060 elaborarunt,
574 1979 738 2044 neminem
752 2001 847 2042 usum
864 2000 936 2042 esse
949 1977 1115 2042 Ciceronis
1131 1978 1240 2043 verbis
1256 1977 1346 2042 hisce

203 2080 247 2145 ad
262 2082 333 2148 Ati.
349 2079 400 2145 VI
416 2082 445 2159 1,
461 2081 481 2145 8
497 2085 525 2144 ‘e
540 2085 645 2159 quibus
660 2083 719 2166 (sc.
737 2080 778 2145 de
793 2078 981 2165 republicae
996 2079 1104 2166 libris)
1120 2099 1211 2142 unum
1231 2080 1345 2158 ἱετορι-

143 2176 145 2181 ’
198 2185 256 2250 κόν
277 2190 405 2263 requiris
426 2188 463 2246 ue
487 2187 536 2246 Cn.
554 2189 661 2247 Flauio
676 2169 801 2259 Anius.
839 2186 898 2244 Ille
913 2201 983 2244 cero
1003 2191 1096 2244 unte
1117 2186 1346 2246 decemuiros

200 2307 258 2350 icon
271 2289 348 2363 fuit,
364 2292 476 2365 quippe
490 2292 543 2364 qui
556 2291 664 2350 aedilis
679 2292 793 2349 curulis
810 2287 908 2360 suerii
921 2319 962 2330 —
977 2290 1029 2362 qui
1041 2291 1235 2361 magristrum
1249 2291 1347 2346 multis

200 2393 288 2452 clunis
301 2399 368 2467 post
388 2393 568 2453 decemuiros
589 2393 738 2451 institutus
760 2398 811 2451 est.
838 2390 915 2462 Quid
933 2406 1005 2464 erpo
1015 2389 1151 2466 profecit
1169 2392 1250 2465 quod
1266 2408 1343 2465 pro-

201 2496 267 2554 tulit
278 2490 429 2566 fusius?
467 2493 702 2554 occultatam
716 2495 1033 2569 pictuni'quodum
1055 2500 1217 2570 tempore
1236 2495 1345 2552 isium
1384 2499 1385 2502 ’

201 2597 505 2669 subclamatum
523 2595 636 2669 suendi
650 2601 855 2670 peterentura
871 2597 979 2670 paucis
992 2589 1143 2676 (patriciis
1154 2591 1345 2671 Momms.)’.

180 2695 374 2779 ‚Fastorum
400 2695 502 2779 igitur
522 2694 600 2758 anni
620 2693 761 2758 Romani
783 2691 896 2758 tabula
916 2692 951 2756 in
972 2692 1043 2757 XII
1063 2692 1166 2758 relata
1184 2693 1343 2777 fuerst¹):

202 2819 282 2882 quos
305 2805 389 2862 teste
404 2795 574 2862 Macrobio
590 2795 660 2860 Sat.
677 2795 694 2860 Ι
711 2797 766 2878 13,
783 2795 823 2859 21
845 2799 1026 2860 ‘Tuditanus
1046 2799 1151 2873 refert,
1163 2801 1240 2860 libro
1261 2803 1346 2859 tertio

202 2906 428 2978 rnupistrutuum
450 2905 629 2963 decemviros
650 2905 714 2975 qui
737 2903 859 2962 decem
887 2904 1027 2962 tubulis
1053 2905 1149 2962 dous
1175 2903 1346 2962 addide-

202 3012 303 3079 runt,
319 3007 357 3066 de
371 3006 581 3066 intercalando
590 3007 736 3080 popilium
751 3019 889 3080 reposca·
907 3004 1025 3064 Cassius
1040 3006 1155 3064 eosdem
1170 3007 1272 3065 scribit
1286 3022 1346 3063 uii-

202 3115 314 3170 ctores’
336 3126 401 3169 non
423 3102 591 3169 dubitabis
613 3102 667 3167 vel
686 3104 879 3170 undecimae
901 3101 954 3167 vel
976 3100 1188 3168 duodecimae
1214 3103 1346 3168 tabulae

203 3207 420 3293 assIgnare²):
442 3228 641 3292 quamquam
660 3204 766 3290 ipsam
781 3202 821 3268 de
837 3203 1061 3268 intercalando
1075 3204 1182 3289 legem
1197 3204 1347 3269 alterutri

203 3421 367 3482 gammate
386 3413 496 3480 quidem
515 3415 617 3466 formas
631 3415 700 3464 istas
718 3413 871 3480 antiquitus
889 3413 1010 3464 caruisse
1028 3417 1060 3462 ut
1079 3417 1233 3464 statuamus
1252 3417 1345 3464 ‘curui’

203 3502 292 3552 innuit
309 3505 390 3553 vetus
409 3500 634 3552 ablativus”‘sic'
658 3499 812 3565 explicatus
836 3515 852 3549 a
870 3498 1006 3550 Messalla
1025 3514 1067 3564 ap.
1087 3499 1164 3552 Fest.
1186 3517 1212 3566 p.
1231 3503 1279 3550 351
1300 3506 1346 3564 qni

205 3587 335 3638 finitimus
354 3590 395 3637 est
414 3601 477 3636 osco
498 3587 589 3644 ’ωαί’,
608 3587 703 3636 umbro
722 3589 804 3642 ‘suet
823 3586 840 3633 i.
861 3595 891 3634 s:
903 3587 936 3634 si.
1000 3568 1005 3576 ¹

271 3670 290 3735 1)
319 3671 428 3722 Dudum
453 3687 487 3720 ea
511 3671 544 3722 de
567 3687 596 3721 re
623 3671 730 3722 monuit
753 3669 910 3735 Onuphrius
933 3670 1084 3720 Panvinins
1109 3669 1292 3721 commentar.
1319 3671 1345 3719 in

204 3759 268 3808 fast.
288 3758 305 3810 l.
323 3759 337 3808 I
355 3775 380 3823 p.
399 3759 425 3806 4.“
449 3757 513 3811 Ant.
532 3758 702 3822 Augustinus
722 3755 756 3806 al,
775 3755 909 3826 immerito
928 3755 1043 3804 refutati
1064 3771 1080 3804 a
1092 3755 1235 3806 Vaasseno
1253 3754 1346 3803 Anim-

204 3844 285 3896 advv.
304 3843 339 3893 ud
357 3843 423 3895 fast.
441 3858 468 3907 p.
487 3844 518 3893 ts
537 3857 596 3908 sqq.

270 3928 291 3994 ²)
313 3929 347 3978 cl.
366 3929 551 3979 Mommsenus
571 3926 699 3979 Chronol.
718 3943 789 3978 rom
803 3941 829 3991 p.
843 3929 876 3978 30
888 3942 928 3976 n:
948 3927 995 3990 qui
1013 3931 1107 3976 tomen
1126 3941 1188 3980 cum
1205 3925 1256 3974 has
1276 3925 1345 3976 duas

204 4014 314 4064 tabulas
335 4018 443 4065 statuat
462 4015 553 4065 omnia
573 4013 814 4080 comprehendisse
834 4027 904 4076 quae
927 4027 981 4062 non
1005 4012 1041 4061 ad
1064 4013 1116 4062 fori
1141 4013 1265 4062 actiones
1285 4027 1346 4076 per·

203 4100 339 4164 linerent,
365 4099 467 4152 oblitus
491 4105 534 4150 est
553 4099 744 4164 quodCicero
766 4101 887 4149 testatur
909 4097 1118 4163 praeceptaria
1144 4097 1288 4146 funeribus
1314 4113 1346 4148 ac

204 4186 338 4251 sepulcris
363 4187 392 4234 in
415 4185 547 4235 decima
571 4185 668 4234 tabula
692 4185 777 4234 luisse
802 4183 957 4250 perscripta
980 4183 1024 4246 (dc
1042 4183 1097 4250 leg.
1115 4183 1142 4233 Il
1161 4183 1203 4242 25,
1223 4179 1275 4244 64).
1312 4184 1348 4232 At

203 4273 264 4337 ipsa
282 4271 418 4322 fastorum
436 4272 621 4338 promulgatio
639 4271 712 4322 haud
732 4270 814 4320 dubie
833 4269 938 4318 forensi
956 4269 1018 4318 usui
1037 4270 1187 4334 praecipue
1206 4266 1347 4321 destinata

204 4357 265 4407 fuit.
301 4357 338 4408 cf.
357 4357 456 4408 Livius
474 4358 513 4407 IX
531 4358 573 4422 46,
593 4359 616 4406 5.
649 4356 747 4407 Cicero
766 4373 792 4423 p.
812 4355 929 4405 Murena
948 4357 988 4414 11,
1008 4356 1048 4408 25.
