3282 4970
237 273 240 278 .
302 226 361 312 136
725 243 863 289 rssvus
887 243 931 289 vr.
955 243 1016 289 vn.
1073 284 1076 292 .

386 413 603 473 QVANDOQVE
627 411 778 477 sensns,
802 411 919 458 noune
941 411 1084 458 esurus
1108 407 1251 460 Envur'

385 495 547 588 leienus
576 496 597 560 l.
620 496 794 562 XXXVII
824 497 866 561 ed
894 496 956 562 Ed.
991 497 1068 582 Dig.
1091 496 1144 578 47,
1167 499 1203 578 3,
1229 501 1245 560 1
1270 520 1317 584 pr.
1357 497 1446 560 ‘Lex

300 597 471 665 duodecim
492 597 680 664 tabularum
702 584 805 684 neque
828 597 956 664 soluere
970 599 1129 684 permittit
1143 599 1271 684 tignum
1285 599 1447 692 furtiuum

301 700 439 766 aedibus
460 699 514 764 uel
536 701 642 768 uineis
665 701 812 765 iunctum
833 722 938 787 nsque
960 699 1145 785 uindicare3
1169 699 1257 786 quod
1272 700 1446 788 prouiden-

302 814 353 868 ter
375 801 430 866 lex
453 802 575 884 effecit,
598 826 640 868 ns
661 801 715 866 uel
737 801 888 866 aedificis
911 803 973 867 sub
995 802 1057 868 hoc
1078 810 1252 889 praetextu
1274 801 1448 867 diruantur

302 902 357 969 uel
378 905 549 970 uinearum
572 903 701 970 culture
722 903 885 969 turbetur:
910 904 968 970 scd
990 905 1025 968 in
1048 926 1122 972 eum
1136 904 1193 990 qui
1208 905 1378 972 conuictus
1394 911 1447 968 est

301 1004 450 1072 iunxisse
472 1006 507 1070 in
529 1006 666 1093 duplum
689 1006 746 1070 det
767 1005 950 1070 actionem)

730 1208 919 1310 suevus
940 1209 1016 1274 vu.
1091 1223 1092 1228 ¹

388 1463 495 1530 Varro
524 1463 565 1530 de
587 1464 625 1530 L.
650 1464 687 1529 L.
713 1464 745 1529 V
766 1457 817 1528 22.
861 1363 992 1528 illitam
1018 1464 1162 1530 ambitus
1191 1474 1242 1530 est
1269 1464 1357 1549 quod
1387 1465 1449 1530 cir-

194 1631 197 1639 .
305 1565 489 1632 cumeundo
512 1566 644 1631 teritur:
668 1588 745 1632 num
766 1566 909 1631 ambitus
932 1565 1104 1645 circuitus,
1127 1565 1170 1631 ab
1193 1585 1296 1658 eoque
1316 1565 1387 1630 XII
1400 1576 1449 1631 te-

305 1666 459 1733 bulerum
481 1667 675 1753 interpretes
699 1667 840 1732 ambitus
865 1667 898 1753 (l.
922 1667 1095 1755 ambitum)
1118 1661 1254 1754 parietis
1279 1667 1450 1738 circuitum

305 1791 378 1835 esse
400 1764 617 1836 describunt'
1402 1825 1409 1836 .

261 1891 279 1947 ᾗ
389 1863 546 1934 Volusius
568 1868 758 1946 Maecianus
781 1870 920 1938 Distrib.
943 1871 997 1936 46.
1031 1870 1226 1936 ‘Sestertius
1255 1871 1336 1937 duos
1360 1893 1451 1938 usses

306 2017 505 2030 -s-m--fl-

305 2117 428 2177 csustur‚
440 2127 474 2162 ne
488 2111 548 2177 quis
561 2111 667 2177 tignum
677 2112 799 2163 alienum
809 2111 925 2162 sedibus
935 2113 991 2162 suis
1001 2093 1127 2163 iunctum
1137 2113 1256 2164 eximere
1267 2117 1391 2179 cogetur,
1400 2113 1453 2164 sed

299 2197 419 2266 duplum
436 2213 486 2264 pro
503 2212 536 2247 eo
554 2189 677 2261 praestet
694 2195 753 2262 [per
771 2197 922 2261 actionem,
946 2212 1018 2262 quse
1040 2202 1157 2250 uocatur
1176 2199 1210 2249 de
1233 2199 1310 2264 tigno
1327 2199 1453 2249 iniuncto
1480 2264 1486 2272 ἱ

299 2285 366 2348 cdd.
377 2281 425 2349 I.].
443 2281 638 2360 Appellatione
651 2286 744 2333 sutem
756 2282 828 2347 tigni
840 2295 933 2332 omnes
946 2283 1080 2333 materiae
1092 2281 1296 2348 significantur,
1307 2299 1341 2334 ex
1353 2283 1453 2348 quibus

307 2365 437 2418 aedificia
450 2365 528 2417 fiunt.
548 2363 636 2431 [Quod
648 2365 711 2417 ideo
726 2367 865 2431 prouisum
876 2370 926 2432 est,
937 2383 972 2417 ne
986 2366 1143 2418 aedificium
1155 2367 1277 2422 rescindi
1288 2383 1404 2420 necesse
1417 2369 1455 2420 sit

306 2449 369 2505 odd.
381 2452 401 2502 I
401 2447 420 2517 .]
440 2451 514 2516 Ergo
533 2451 557 2502 si
575 2449 672 2515 aliquo
690 2467 722 2501 ex
736 2465 822 2501 causa
835 2451 953 2501 dirutum
966 2452 1002 2501 sit
1015 2451 1186 2522 aedilicium,
1204 2454 1307 2523 poterit
1318 2453 1454 2504 materiae

307 2536 432 2589 dominus
446 2533 479 2602 [si
493 2551 549 2586 non
566 2534 650 2585 fuerit
668 2533 779 2601 duplum
792 2537 848 2584 ism
860 2541 1023 2602 persecutus
1035 2539 1097 2588 add.
1106 2533 1143 2602 I.]
1157 2541 1224 2588 tunc
1237 2552 1298 2588 eam
1310 2537 1454 2590 uindicare

308 2628 336 2675 et
357 2622 392 2673 sd
411 2620 593 2672 exhibendum
613 2625 718 2685 agere)
741 2609 824 2670 Paul.
837 2619 856 2670 1.
870 2618 935 2671 XXI
954 2621 988 2672 ad
1001 2622 1050 2673 Ed.
1069 2622 1103 2672 D.
1118 2611 1142 2682 e,
1162 2624 1187 2686 1,
1205 2613 1238 2674 '23
1257 2623 1272 2684 ἓ
1290 2625 1306 2672 6
1324 2623 1454 2690 tTignum

310 2708 433 2759 alienum
452 2705 568 2757 sedibus
586 2705 710 2754 iunctum
727 2721 779 2756 nec
797 2705 935 2756 uindicari
953 2711 1046 2772 potest
1062 2711 1174 2773 propter
1189 2705 1285 2772 legem
1301 2703 1356 2758 XII
1374 2708 1453 2760 tebu-

308 2795 398 2845 lsrum
415 2807 468 2842 nec
486 2806 518 2841 eo
537 2791 647 2841 nomine
666 2791 701 2842 sd
720 2790 904 2842 exhibendum
923 2793 970 2856 egi
988 2791 1043 2853 ulsi
1061 2791 1195 2843 aduersus
1208 2807 1282 2852 eum,
1302 2792 1350 2856 qui
1361 2793 1455 2845 sciens

309 2877 431 2929 alienum
447 2875 537 2925 iunxit
556 2875 685 2926 sedibus:
705 2875 754 2925 scd
772 2880 815 2927 est
833 2877 906 2926 actio
925 2876 1041 2940 antiqua
1059 2877 1093 2934 ds
1112 2877 1189 2940 tigno
1211 2876 1306 2928 iuncto
1331 2893 1401 2945 quae
1425 2879 1456 2928 in

308 2960 420 3027 duplum
439 2959 552 3026 exlege
570 2960 696 3011 XIItsb.
716 2960 878 3012 descendit)
908 2951 949 3010 Id'.
965 2963 1004 3023 10,
1021 2960 1047 3026 4,
1066 2962 1090 3011 6.
1109 2961 1151 3025 24,
1172 2964 1196 3025 1,
1214 2961 1256 3015 63.
1276 2961 1349 3022 citi,
1369 2964 1394 3026 1,
1412 2963 1455 3014 59.

252 3106 253 3110 Ἰ
307 3049 351 3112 44,
370 3049 395 3110 2,
415 3046 430 3096 'l
448 3047 463 3108 ἕ
482 3047 506 3099 2,
525 3039 573 3109 47,
586 3044 610 3108 3,
629 3047 653 3096 2.
672 3039 714 3109 503
734 3046 774 3108 16,
794 3046 845 3100 62.’
868 3044 930 3098 Gai.
942 3045 959 3098 l.
973 3043 1064 3096 XXVI
1082 3045 1118 3096 sd
1137 3045 1179 3097 ed.
1196 3061 1274 3112 prou.
1293 3047 1388 3113 ‘Tigni
1406 3064 1455 3114 sp-

307 3128 459 3200 pellstione
478 3131 507 3180 in
525 3128 587 3194 lege
605 3129 658 3179 XII
671 3129 829 3180 tabularum
847 3145 926 3181 omne
939 3145 1025 3195 genus
1043 3131 1179 3182 materiae
1199 3147 1233 3181 ex
1252 3146 1307 3195 qua
1325 3130 1457 3182 aedificis

271 3237 279 3244 ·
308 3219 438 3269 constent
454 3214 651 3280 significatur?
688 3215 724 3264 cf.
737 3216 779 3279 47,
797 3217 822 3274 3,
842 3216 856 3263 1
875 3215 1032 3281 §lfTigni
1050 3219 1142 3267 autem
1160 3215 1348 3282 appellatione
1366 3219 1456 3268 conti·

308 3290 389 3354 netur
408 3301 496 3351 omnis
514 3300 645 3364 materis,
665 3312 771 3364 exque
794 3299 951 3350 aedificium
974 3289 1084 3352 constet
1102 3302 1257 3366 uineaeque
1274 3303 1456 3353 necessaris)

309 3384 373 3452 le.
393 3388 437 3445 10,
456 3387 487 3448 4,
508 3388 523 3436 'l
541 3401 584 3450 pr.
616 3384 678 3437 Gai.
696 3384 714 3436 l.
733 3385 777 3435 ΙΙΙ
795 3383 830 3438 sd
847 3385 937 3451 legem
955 3386 1009 3436 XII
1027 3385 1192 3436 tabularum.
1223 3387 1257 3440 D.
1277 3387 1324 3451 50,
1344 3387 1386 3450 16,
1404 3389 1457 3438 235

309 3473 351 3534 §1
371 3470 491 3521 ‘Fabros
509 3470 646 3536 tignarios
664 3468 779 3520 dicimus
798 3485 853 3520 non
871 3455 919 3520 eos
937 3470 1072 3542 duntaxat
1090 3471 1136 3536 qui
1154 3470 1233 3535 tigne
1251 3469 1387 3535 dolarent,
1406 3471 1457 3523 ssd

310 3567 405 3608 omnes
429 3555 476 3620 qni
498 3553 704 3608 aedificarent'
738 3557 764 3609 8.
783 3555 885 3606 Festus
905 3560 929 3620 p'.
948 3557 997 3606 322
1016 3556 1053 3606 M.
1073 3555 1227 3620 ‘(Ssrpts
1244 3555 1332 3605 uines'
1346 3559 1456 3627 putate,

310 3639 351 3705 i)d
370 3643 412 3691 est
429 3655 498 3705 pure
517 3634 607 3702 (facts.
621 3676 627 3690 .
642 3677 648 3689 .
662 3677 689 3692 ..
708 3655 823 3704 serpere
842 3640 914 3690 enim
933 3637 1052 3704 sintiqui
1068 3655 1116 3705 pro
1135 3639 1267 3706 pur(gnrs
1285 3639 1456 3705 dicebant).’

311 3727 348 3780 cf.
367 3725 457 3779 Gloss.
477 3725 564 3778 stb.
585 3729 683 3792 ‘serpo
702 3721 830 3776 κλαδεύω
849 3721 1014 3787 ἀμπέλους)
1275 3731 1278 3735 ’

380 3812 402 3862 1.
421 3809 525 3861 Paulus
542 3811 609 3859 Exc.
630 3827 664 3861 ex
680 3811 766 3860 Festo
784 3826 810 3874 p.
829 3810 845 3860 5
863 3806 900 3860 M.
920 3809 1057 3862 ‘Ambitus
1075 3811 1184 3876 proprie
1203 3809 1306 3860 dicitur
1323 3811 1456 3862 circuitus

311 3895 499 3947 aedificiorum
517 3899 616 3960 patens
633 3894 662 3942 in
679 3892 856 3944 latitudinem
874 3895 958 3959 pedes
977 3894 1046 3945 duos
1066 3899 1094 3945 et
1112 3895 1270 3954 semissem,
1289 3894 1319 3946 in
1336 3895 1458 3960 longitu-
1533 3895 1537 3898 ’

313 4017 516 4027 --ω-η-

396 4106 424 4162 8.
449 4106 539 4179 tigna,
554 4119 589 4159 ne
604 4101 736 4160 uindicito
751 4104 847 4176 suppl.
862 4101 1030 4160 Hucctkius
1046 4121 1078 4176 p.
1096 4107 1134 4160 24
1150 4120 1179 4159 n.
1198 4107 1245 4160 42.
1267 4103 1348 4161 Idem
1363 4110 1458 4161 tumen
1487 4157 1491 4165 .

309 4209 340 4264 p.
359 4195 407 4248 24.
425 4190 460 4246 29
475 4190 613 4244 restituit:
634 4204 722 4262 neque
743 4190 823 4245 uinea
839 4189 1002 4264 quandoque
1018 4196 1124 4263 sarpta,
1145 4188 1232 4245 donec
1253 4189 1362 4263 dempta
1377 4198 1459 4246 erunt

314 4273 346 4348 (c.
364 4275 468 4346 esunt),
485 4275 561 4346 tigna
576 4273 717 4330 uindicito.
735 4278 840 4346 estqui
856 4275 958 4341 lunxit,
975 4275 1105 4348 duplione
1121 4274 1247 4330 damnum
1261 4274 1389 4331 decidito.
