3282 4970
285 261 327 325 94
698 275 811 324 cnrvr
833 276 1012 338 oviarvu.

284 429 335 514 gis
353 437 462 494 autem
476 427 566 514 quod
585 451 617 494 v.
634 429 773 493 ‘tarius’
795 430 829 492 in
850 431 1039 516 compositis
1062 431 1310 513 ‘multifarius’‚
1332 432 1433 499 ‘bifa-

284 533 381 596 riam’
396 539 460 596 etc.
476 553 497 595 a
515 530 618 595 fando
640 529 775 618 quidam
797 540 1006 616 repetunt-
1021 532 1127 620 qualis
1149 532 1303 618 frequens
1326 543 1378 602 est
1397 536 1433 598 in

284 633 455 718 glossariis
470 632 587 697 harum
602 655 720 698 vocum
741 634 964 721 interpretatio
975 634 1001 720 1)
1019 676 1060 686 -
1075 635 1109 699 id
1131 633 1232 700 ullam
1253 657 1296 700 ex
1316 636 1432 702 horum

283 737 461 802 verborum
476 733 716 818 significatione
732 743 764 798 et
777 757 840 800 usu
855 735 1172 803 commendationem
1187 736 1314 803 habet.⁴
1331 738 1432 824 Deni-

284 859 347 924 que
372 835 467 902 verbi
488 835 625 900 alicuius
649 835 743 901 latini
763 837 909 902 radicem
930 837 1061 904 adiecta
1081 837 1213 925 syllaba
1234 839 1295 902 ‘ri'
1309 841 1432 925 augeri

282 937 372 1004 nullo
389 939 520 1004 omnino
537 936 686 1023 exemplo
703 939 945 1024 comprobatur.
962 938 1091 1020 Quibus
1107 941 1205 1006 rebus
1222 964 1260 1007 eo
1272 940 1429 1024 adducor,

284 1050 320 1106 ut
340 1063 447 1106 novae
468 1039 604 1104 rationis
628 1037 809 1125 periculum
829 1039 1020 1104 faciendum
1041 1051 1162 1127 putem.
1201 1042 1356 1128 Namque-
1373 1051 1431 1108 aut

281 1165 415 1230 prorsus
431 1140 529 1206 fallor
544 1149 601 1204 aut
615 1140 711 1205 unius
727 1140 856 1204 litterae
871 1143 1050 1206 mutatione
1068 1146 1269 1219 ‘satiatur'
1287 1143 1429 1210 scriben-

283 1244 360 1310 dum
381 1252 441 1308 est.
478 1241 574 1306 Hanc
596 1245 682 1306 enim
702 1241 843 1308 formam
869 1242 1223 1329 aliquandoextitisse
1247 1245 1429 1312 certissime

283 1345 445 1412 evincitur
456 1346 605 1430 opposito
621 1343 866 1408 ‘infitiandi’
880 1345 983 1410 verbo
997 1367 1038 1410 ex
1051 1344 1252 1411 ‘infatiandi'
1263 1369 1322 1433 per
1332 1369 1429 1412 voca·

282 1448 362 1511 lium
377 1470 397 1512 a
412 1449 446 1511 in
462 1469 497 1528 e,
521 1469 538 1511 e
554 1446 615 1509 ini
636 1445 810 1533 transitum
830 1445 958 1527 efficto,
980 1446 1253 1534 quemadmodum
1273 1471 1315 1512 ex
1336 1454 1428 1514 ‘con-

280 1550 383 1616 iacio'
400 1549 525 1614 factum
546 1556 597 1612 est
618 1546 800 1612 ‘coniecio’
817 1535 858 1592 -'
873 1547 917 1612 cf.
938 1545 993 1612 lex
1013 1546 1154 1614 Servilia
1174 1547 1195 1612 1.
1212 1548 1254 1613 50
1274 1547 1316 1613 al.
1338 1548 1427 1635 apud

281 1650 529 1717 Lachmannum
544 1649 586 1714 sd
601 1649 700 1714 Lucr.
716 1673 748 1735 p.
769 1649 829 1712 128
846 1687 884 1696 -
902 1647 1019 1714 dehinc
1036 1651 1212 1730 ‘coniicio’‚
1223 1650 1371 1737 itemque
1386 1672 1428 1716 ex

282 1750 1348 1837 111(1-ε·.ςο’(αᾶθςω-01.(αιῐεᾳῑιαιϊυνάγει(υνελαύνεϋ
1371 1750 1427 1816 et.

280 1853 387 1920 Labb.
407 1891 442 1901 -
460 1865 530 1919 tum
547 1851 718 1937 ‘adigo⁷.²)
741 1851 852 1938 Atque
866 1853 901 1916 in
916 1853 1056 1918 satiandi
1076 1875 1204 1942 qnoque
1219 1854 1320 1921 verbo
1342 1853 1427 1940 prio-

280 1957 326 2020 ris
335 1956 416 2021 vicis
427 1949 538 2020 notam
551 1955 696 2020 servavit
709 1954 893 2019 ‘fetialis'
906 1955 994 2020 haud
1005 1954 1103 2022 dubie
1112 1956 1189 2021 inde
1200 1955 1425 2042 repetendum,

279 2052 346 2124 non
361 2080 384 2122 a
396 2057 461 2122 fide
476 2066 533 2122 aut
547 2056 682 2121 foedere
696 2057 837 2144 -punde
852 2057 958 2122 Varro
974 2055 1078 2122 voluit
1094 2055 1115 2120 l.
1127 2054 1148 2122 l.
1161 2057 1192 2121 V
1209 2057 1250 2122 86
1266 2066 1299 2122 et
1314 2056 1425 2125 Gloss.

280 2159 348 2225 Mai
368 2159 437 2225 VII
456 2158 515 2224 561
546 2162 677 2235 ‘fetiales
702 2165 755 2237 qut
776 2168 846 2222 ante
868 2163 1018 2234 foedtalcs
1043 2164 1141 2236 dictt'‚
1168 2158 1254 2224 adde
1279 2159 1426 2225 Thomae

281 2263 380 2327 Thes.
396 2283 428 2348 p.
445 2259 508 2326 245
523 2261 565 2328 M.
588 2258 803 2324 Plutarchum
818 2259 917 2324 Num.
936 2261 985 2325 12.
1009 2258 1135 2326 Camill.
1151 2261 1190 2326 18
1206 2270 1304 2349 atque
1319 2284 1362 2328 ex
1376 2280 1425 2326 re-

279 2355 696 2430 centioribusHuschkium
710 2363 832 2427 incerti
846 2373 931 2427 auct.
948 2363 1200 2448 magistratuum
1216 2373 1248 2428 et
1262 2364 1425 2430 sacerdot.

282 2468 437 2553 expositt.
453 2465 541 2530 ined.
557 2489 589 2552 p.
608 2467 667 2530 133
691 2475 723 2530 et
739 2465 977 2550 Goettlingium
992 2464 1080 2530 Hist.
1101 2465 1239 2552 reipubl.
1255 2466 1295 2531 R.
1312 2489 1343 2554 p.
1362 2467 1424 2532 195

278 2593 310 2634 n.
327 2571 346 2634 7
363 2608 401 2618 —
417 2591 523 2657 neque
545 2589 565 2632 a
580 2567 746 2650 feriendo,
768 2577 805 2632 ut
820 2567 942 2632 Paulus
964 2589 1007 2631 ex
1026 2567 1124 2634 Festo
1146 2592 1178 2654 p.
1196 2567 1247 2633 91.
1283 2566 1424 2634 Fetiales

277 2671 379 2756 igitur
390 2681 466 2736 sunt
481 2680 679 2736 oratores:
697 2691 778 2756 quos
791 2670 889 2735 etiam
904 2670 1015 2736 vocari
1027 2678 1197 2736 ‘oratores'
1210 2671 1316 2737 Varro
1328 2673 1422 2738 testis

278 2783 328 2838 est
348 2773 437 2861 apud
456 2773 597 2838 Nonium
618 2797 650 2861 p.
668 2773 730 2838 529
746 2773 804 2858 (cf.
821 2775 938 2838 Festus
954 2795 986 2860 p.
1002 2773 1062 2836 182
1077 2797 1109 2839 v.
1127 2774 1313 2861 oratores);·
1325 2783 1423 2860 atquc

277 2875 393 2942 eodem
408 2873 526 2940 alludit
541 2873 757 2941 Ciceroniana
778 2875 832 2940 lex
848 2874 889 2939 de
904 2873 966 2959 leg.
984 2873 1019 2939 ΙΙ
1035 2875 1065 2959 9,
1081 2877 1121 2939 21
1143 2883 1236 2940 recte·
1252 2897 1273 2940 a
1287 2875 1422 2942 Reiffer-

277 2976 421 3043 scheidio
436 2977 523 3043 Mus.
540 2979 630 3042 rhen.
647 2977 750 3042 XVII
764 2977 826 3040 291
843 2973 891 3064 sq.
907 2977 1150 3044 itacenstituta
1165 2984 1346 3044 ‘Foederata
1358 3001 1422 3058 pa-

276 3087 319 3146 cis
335 3082 430 3165 [telle]
447 3084 632 3144 indutiarum
647 3089 781 3145 oratores
793 3085 914 3160 fetiales
928 3093 1028 3157 sonte,
1052 3085 1165 3146 indices
1179 3101 1238 3144 noo
1253 3087 1360 3146 santo?
1390 3084 1422 3147 A

275 3181 400 3248 ‘latior'
419 3191 527 3248 autem
545 3185 694 3269 proxime
717 3183 832 3248 abesse
849 3183 978 3248 ‘fateor’
1002 3192 1153 3268 apparet:
1181 3183 1301 3270 quibus
1325 3183 1422 3250 tertia

275 3284 404 3350 accedit
419 3285 572 3350 formatio
589 3285 630 3350 ab
647 3284 761 3350 eadem
777 3285 879 3370 stirpe
894 3284 1041 3371 profecta
1057 3284 1165 3350 ‘fetor’
1183 3307 1225 3350 ex
1239 3285 1335 3352 Pauli
1349 3309 1419 3352 exc.

344 3473 366 3539 ¹)
382 3476 417 3526 cf.
426 3475 515 3529 Gloss.
523 3474 582 3526 Mai
592 3475 630 3526 VI
640 3477 690 3526 506
703 3476 863 3539 ‘nozbifarius
874 3476 991 3527 arietatus
999 3477 1117 3540 partitus
1126 3480 1250 3542 loquens’,
1262 3478 1420 3542 1οιηιῠίίαήιιε

274 3562 400 3626 dilinpuir’
412 3585 446 3596 -
458 3560 506 3611 sed
519 3562 568 3612 507
582 3561 726 3624 ‘amforiam
738 3561 855 3611 crebribus
870 3562 998 3626 partibrm’
1011 3589 1042 3597 —
1056 3579 1082 3627 p.
1102 3564 1152 3613 534
1171 3564 1322 3626 ‘nrcltifam'e
1339 3567 1421 3616 multra

273 3646 453 3710 sementivum,
476 3647 530 3698 VII
547 3648 596 3698 569
620 3647 789 3709 ‘multifariae
812 3650 901 3698 multae
922 3648 1042 3709 ΐαόιιῖαε1
1062 3645 1143 3712 (sic),
1162 3646 1315 3711 ‘multifarie
1338 3653 1420 3703 multia

274 3723 450 3791 locutionibm,
478 3735 518 3784 vel
538 3735 620 3782 multia
644 3733 785 3798 partibac’,
815 3733 864 3782 552
888 3733 1016 3797 ‘defarina
1044 3733 1183 3798 hilinpnr's',
1211 3734 1261 3786 553
1285 3735 1419 3799 ‘bifarium

173 3865 176 3869 .
273 3817 403 3882 bifomnem
422 3817 554 3882 biltnpuem
576 3820 721 3882 duplicem’,
746 3818 812 3868 VIII
830 3820 872 3868 66.
891 3819 931 3870 te.
954 3818 1044 3871 Gloss.
1062 3815 1187 3885 Amplon.
1201 3821 1250 3870 278
1264 3819 1345 3885 (277).
1374 3820 1419 3872 (11.

273 3903 399 3954 Hildebr.
421 3920 448 3969 p.
467 3905 508 3955 31.
532 3903 653 3954 Easdem
672 3903 816 3954 tertrardi
837 3904 958 3968 ineptias
976 3905 1068 3969 prodit
1092 3905 1242 3970 explicatio
1260 3909 1337 3958 vocis
1356 3911 1418 3960 ‘od-

271 3990 345 4052 fatim
367 3990 459 4054 optime
481 3991 600 4054 loquena’
624 3989 661 4038 VI
683 3991 741 4039 503.
765 3989 818 4039 VII
836 3991 894 4040 551.
923 3990 1037 4053 ‘affatim
1059 3992 1095 4040 ad
1116 3996 1269 4044 cemaonenr’
1288 3993 1342 4046 VII
1360 3996 1418 4046 551.

274 4073 310 4123 ci.
329 4073 434 4124 Paulus
452 4075 521 4124 Exc.
542 4089 575 4122 cx
593 4075 678 4123 Festo
696 4090 722 4138 p.
744 4077 773 4124 11
799 4075 912 4138 ‘effutiat
927 4076 1026 4124 dictum
1046 4091 1063 4124 a
1081 4078 1157 4141 copia
1173 4077 1285 4140 fatendi,
1303 4082 1355 4129 sive
1375 4079 1418 4129 ab·

193 4149 195 4154 ¹
273 4160 422 4210 crudenter?

340 4241 362 4309 ²)
386 4243 554 4310 Comparare
573 4243 641 4294 licet
663 4245 745 4294 etiam
763 4245 926 4296 Umbrorum
950 4247 1035 4310 ‘feta’
1060 4251 1088 4298 et
1111 4249 1203 4311 ‘seito’
1228 4249 1246 4301 i.
1266 4265 1290 4302 c.
1309 4249 1417 4299 ‘tacito’

271 4327 349 4378 iuxta
368 4330 507 4393 ‘facerent'
526 4335 676 4382 exaratum
