3282 4970
683 269 822 317 unauna
842 268 918 317 vnr.
1307 251 1366 318 151

306 424 336 487 2.
363 423 429 508 (IX
444 422 479 507 4)
502 422 701 508 Pomponius
719 421 741 487 l.
757 422 840 507 sing.
856 421 990 488 Encbir.
1014 423 1057 487 D.
1076 425 1103 497 1,
1119 423 1149 505 2,
1165 423 1186 487 2
1201 426 1221 504 ξ
1237 421 1288 490 23.
1311 422 1368 492 ‘Et

123 518 127 524 ’
223 525 315 612 quia,
338 533 376 589 ut
398 523 559 605 diximus,
583 523 624 588 de
646 523 752 610 eapite
775 523 857 588 ciuis
872 523 1011 589 Romani
1033 525 1160 589 iniussu
1174 523 1286 610 populi
1301 546 1367 588 non

222 635 292 692 erat
312 622 602 712 legeffrermissum
626 626 816 691 consulibus
839 627 890 690 ius
914 625 1043 692 dicerer
1069 634 1243 712 propterea
1269 648 1366 712 quae·

221 737 326 794 stores
349 727 635 794 constituebantur
656 749 676 790 a
698 727 835 814 populo,
858 727 914 814 qui
937 726 1135 814 capitalibus
1151 727 1250 792 rebus
1274 750 1365 815 prae-

219 839 345 913 essent3
372 828 405 893 hi
428 828 682 915 appellabantur
707 837 943 916 quaestores
969 828 1205 915 parricidii,
1228 850 1366 915 quorum

219 931 318 997 etiarn
341 931 489 997 meminit
507 932 561 996 lex
585 930 757 996 duodecim
779 929 987 996 tabularum!

305 1190 333 1251 1.
357 1204 416 1266 οτι
439 1202 564 1250 ιιιΑανπ
586 1082 980 1251 onuuuissiulc2a5rilrnssrr
1326 1204 1335 1216 ·

301 1290 332 1354 2.
358 1289 463 1353 Gaius
479 1287 500 1350 l.
517 1287 565 1352 IV
588 1286 631 1352 ad
653 1286 760 1371 legem
776 1287 847 1352 XII
862 1286 1056 1352 tabularum.
1078 1287 1122 1351 D.
1137 1286 1190 1369 50,
1216 1286 1266 1369 16,
1289 1288 1362 1352 236.

215 1390 296 1472 ‘Qui
318 1411 512 1454 uenenum
535 1388 626 1470 dicit,
649 1387 792 1455 adiicere
811 1388 919 1471 debet,
941 1398 1052 1453 utrum
1073 1387 1219 1453 malum
1242 1410 1285 1453 an
1306 1389 1362 1455 bo-

213 1514 309 1555 num:
326 1514 402 1556 nam
418 1500 450 1556 et
464 1489 705 1555 medicamenta
719 1512 847 1555 uenena
863 1500 954 1572 sunt,
975 1490 1052 1577 quia
1065 1513 1104 1555 eo
1120 1490 1251 1555 nomine
1267 1512 1361 1555 omne
1465 1567 1470 1582 .

213 1592 403 1658 continetur
429 1592 517 1680 quod
538 1591 722 1657 adhibitum
750 1603 901 1658 naturam
930 1592 999 1657 eius
1026 1593 1080 1656 cui
1106 1585 1290 1656 adhibitum
1311 1600 1362 1656 est

212 1701 344 1759 mutat?

692 1801 772 1876 *21
798 1813 879 1898 (26.)

298 1915 433 1981 Porcius
455 1914 557 1980 Latro
579 1921 772 2000 personatus
788 1911 924 1978 declam.
947 1914 982 1976 in
1002 1912 1099 1978 Catil.
1123 1915 1173 1979 19.
1196 1915 1359 1980 ‘Primum

211 2016 386 2082 duodecim
409 2014 530 2081 tabulis
553 2025 685 2080 cautum
708 2037 780 2079 esse
803 2015 1039 2099 cognoscimus,
1062 2038 1104 2079 ne
1127 2017 1200 2102 quis
1223 2017 1257 2080 in
1277 2019 1359 2083 urbe

210 2128 325 2184 coetus
348 2126 523 2183 nocturnos
548 2116 712 2202 agitaret?

211 2293 417 2302 ψὴν-..-

209 2425 303 2460 errore
322 2425 357 2460 eac
374 2411 565 2474 inscriptionum
580 2409 767 2473 permutatione
786 2409 833 2472 leq.
854 2410 869 2456 1
887 2413 912 2457 et
930 2411 946 2457 2
965 2415 1037 2458 orto:
1061 2410 1093 2459 dc
1111 2426 1162 2474 qua
1178 2425 1208 2459 rc
1232 2412 1267 2474 cf.
1284 2411 1358 2476 Heff-

207 2501 282 2545 teras
303 2495 329 2544 in
347 2494 417 2544 Mas.
438 2494 509 2547 rhen,
534 2495 582 2546 iar.
601 2493 637 2542 II
655 2495 707 2543 183
723 2491 774 2560 sq.)
800 2493 841 2542 Io.
861 2492 955 2557 Lydus
980 2492 1014 2542 do
1037 2493 1163 2558 magistr.
1185 2496 1200 2545 I
1222 2497 1255 2546 26
1280 2494 1356 2548 Γάιο(

143 2613 146 2628 .
207 2575 308 2629 τοίνυν
327 2577 342 2630 ὁ
361 2575 475 2640 νομικὸς
495 2575 526 2628 ἐν
543 2579 585 2641 τῷ
604 2573 821 2641 ἐπιγραφομένῳ
841 2575 912 2640 παρ’
932 2574 1021 2627 αὐτοῦ
1041 2577 1077 2627 ad
1095 2576 1184 2643 legem
1204 2579 1258 2629 XII
1275 2580 1355 2632 tabu-

207 2662 307 2724 larum,
326 2660 387 2715 οἷον
401 2659 445 2714 ἐἰς
462 2660 516 2712 τὸν
536 2660 625 2724 νόμον
643 2663 695 2712 τοῦ
714 2660 948 2726 δυοδεκαδέλτου,
968 2659 1064 2726 αὐτοί(
1077 2660 1178 2726 ῥήματι
1190 2661 1262 2728 πρὸς
1275 2663 1356 2730 ἑρμη-

207 2744 290 2799 νείαν
307 2747 398 2798 ταῦτα
416 2744 512 2812 φηείν·
533 2784 640 2797 .....
656 2744 751 2810 ἐπειδὴ
771 2743 802 2796 δὲ
820 2745 885 2810 περί
903 2746 1055 2810 κεφαλικῆι
1073 2744 1207 2811 τιμωρία(
1227 2747 1279 2799 οὐκ
1291 2749 1357 2814 ὲξῆν

206 2835 270 2884 τοῑε
289 2830 402 2896 ἄρχουςι
420 2831 491 2883 κατὰ
503 2828 642 2893 Ῥωμαίου
655 2827 773 2882 πολίτου
791 2828 975 2896 ψηφίιαιθαι,
995 2829 1209 2896 προεβλήθηεαν
1223 2831 1355 2885 κυαίιτιιι-

208 2931 258 2982 ρει
283 2913 463 2980 παρρικίδιοι,
487 2914 590 2968 mearet
613 2915 704 2979 κριταί
727 2915 773 2966 καί
795 2914 920 2968 δικαεταί
945 2917 1006 2967 τῶν
1033 2913 1151 2969 πολίτας
1179 2916 1355 2970 ἀνελόντων.

207 3003 311 3052 Festus
328 3017 354 3066 ρ.
376 3003 426 3052 258
443 3003 480 3052 M.
500 3001 680 3062 ‘Quaestores
700 2999 875 3064 (dicebantur
893 3001 940 3065 qui
958 3005 1125 3064 quaererent
1144 3003 1178 3052 de
1197 2986 1290 3066 rebus)
1310 3021 1354 3056 ea-

206 3081 353 3150 pitalibus,
372 3087 444 3136 unde
465 3085 564 3149 (eidem
585 3086 668 3136 etiam
688 3083 726 3151 [in
739 3082 802 3150 XII]
823 3089 985 3150 quaestores
1003 3083 1148 3151 parrilcidi
1167 3087 1354 3152 appellantur’

207 3170 312 3234 (inXII
320 3173 406 3235 suppl.
419 3171 534 3234 Golkofr.
548 3173 574 3220 in
586 3167 656 3236 lae).
671 3171 706 3220 ci.
717 3170 820 3220 Paulus
830 3186 888 3222 exc.
900 3186 933 3220 ex
942 3171 1026 3220 Festo
1039 3187 1064 3235 p.
1072 3172 1121 3220 221
1132 3171 1169 3224 M.
1183 3171 1352 3238 ‘Parriei(di)

209 3259 374 3320 quaestores
394 3255 610 3321 appellabantur
633 3258 679 3322 qui
704 3255 835 3306 solebant
856 3255 946 3305 creari
970 3269 1056 3305 eausa
1078 3270 1166 3305 rerum
1190 3256 1354 3322 capitalium

206 3326 436 3403 quaerendarum.
471 3340 541 3389 Nam
564 3341 707 3405 parricida¹
730 3356 784 3391 non
807 3341 903 3404 utique
922 3340 946 3390 is
970 3340 1017 3405 qui
1039 3344 1184 3406 parentem
1203 3342 1361 3408 occidisset,

206 3423 365 3487 dicebatur,
386 3424 434 3475 sed
453 3424 671 3491 qualemcunque
690 3427 825 3476 hominem
843 3425 1040 3478 indemnatum.
1075 3425 1120 3476 Ita
1141 3426 1227 3477 fuisse
1244 3428 1352 3478 indicat

205 3509 263 3559 lex
280 3509 404 3559 Numae
424 3507 553 3575 Pompilii
575 3511 663 3576 regis,
683 3511 725 3561 his
745 3511 898 3576 composita
914 3512 1023 3562 uerbis:
1047 3512 1092 3560 ‘si
1111 3512 1167 3574 qui
1185 3497 1364 3564 hominem*

205 3592 352 3644 liberum
372 3593 448 3644 dolo
468 3595 583 3645 sciens
602 3597 700 3646 morti
719 3596 804 3660 duit,
824 3596 1130 3661 parricidas‘csto.’

275 3697 316 3745 26.
335 3695 444 3746 Plinius
462 3697 494 3747 N.
513 3693 548 3746 H.
568 3698 688 3749 XXVIII
704 3701 734 3760 4,
755 3701 786 3748 17
813 3683 1001 3761 ‘Quidr'non
1021 3704 1049 3748 et
1066 3699 1158 3768 legum
1176 3701 1299 3764 ipsarum
1322 3701 1351 3749 in

204 3780 260 3830 XII
273 3779 378 3831 tabulis
396 3782 484 3832 uerba
502 3787 566 3832 sunt
587 3778 631 3847 [tr.
645 3781 670 3849 7]
690 3787 718 3832 et
736 3781 804 3833 alibi
822 3783 895 3847 ‘qui
914 3820 921 3836 .
939 3819 946 3833 .
965 3787 983 3834 .’
1006 3785 1043 3835 ci.
1061 3783 1099 3838 id.
1112 3785 1189 3838 XXX
1208 3787 1232 3849 1,
1252 3787 1283 3834 12
1303 3786 1350 3837 cit.

206 3863 244 3914 ad
262 3867 287 3917 7.

273 3964 335 4018 *21
355 3968 391 4021 cf.
405 3969 503 4018 Liuius
515 3971 557 4028 39,
572 3970 603 4019 15
622 3969 757 4020 ‘Maiores
774 3970 875 4035 uestri,
895 3949 992 4022 nenos
1006 3970 1114 4038 quidem
1129 4009 1135 4022 .
1150 4011 1155 4022 .
1170 4009 1176 4022 .
1192 4011 1199 4025 .
1217 3972 1290 4024 forte
1308 3977 1352 4024 te-

204 4066 280 4102 mere
300 4053 374 4104 coire
391 4053 559 4104 uoluerunt’

204 4205 409 4214 *ψ*

291 4311 341 4370 26.
363 4313 522 4370 ίαοουῑνιείι
545 4311 621 4369 Voss.
637 4329 684 4384 pr.
702 4313 840 4372 Riccarcl.
854 4332 920 4387 pr„-
935 4317 1104 4376 incentasset
1118 4323 1166 4373 ctt.
