<?xml version="1.0" encoding="UTF-8"?>
<!DOCTYPE html PUBLIC "-//W3C//DTD XHTML 1.0 Transitional//EN"
    "http://www.w3.org/TR/xhtml1/DTD/xhtml1-transitional.dtd">
<html xmlns="http://www.w3.org/1999/xhtml" xml:lang="en" lang="en">
 <head>
  <title>
</title>
<meta http-equiv="Content-Type" content="text/html;charset=utf-8" />
  <meta name='ocr-system' content='tesseract 3.04.00' />
  <meta name='ocr-capabilities' content='ocr_page ocr_carea ocr_par ocr_line ocrx_word'/>
</head>
<body>
  <div class='ocr_page' id='page_1' title='image "./legisdvodecimta02schgoog/legisdvodecimta02schgoog_0112.png"; bbox 0 0 3282 4970; ppageno 0'>
   <div class='ocr_carea' id='block_1_1' title="bbox 347 265 1355 340">
    <p class='ocr_par' dir='ltr' id='par_1_1' title="bbox 347 265 1355 340">
     <span class='ocr_line' id='line_1_1' title="bbox 347 265 1355 340; baseline 0.006 -14"><span class='ocrx_word' id='word_1_1' title='bbox 347 280 394 326; x_wconf 77' lang='lat' dir='ltr'>De</span> <span class='ocrx_word' id='word_1_2' title='bbox 417 281 468 326; x_wconf 87' lang='lat' dir='ltr'>Xll</span> <span class='ocrx_word' id='word_1_3' title='bbox 492 279 704 326; x_wconf 82' lang='lat' dir='ltr'>TABVLARVM</span> <span class='ocrx_word' id='word_1_4' title='bbox 726 279 905 340; x_wconf 73' lang='lat' dir='ltr'>RELIQVHS</span> <span class='ocrx_word' id='word_1_5' title='bbox 929 281 1217 331; x_wconf 79' lang='lat' dir='ltr'>GONS&#39;PI&#39;PVENDIS.</span> <span class='ocrx_word' id='word_1_6' title='bbox 1314 265 1355 332; x_wconf 78' lang='grc'>95</span> 
     </span>
    </p>
   </div>
   <div class='ocr_carea' id='block_1_2' title="bbox 134 432 1379 4405">
    <p class='ocr_par' dir='ltr' id='par_1_2' title="bbox 134 432 1379 4405">
     <span class='ocr_line' id='line_1_2' title="bbox 212 432 1354 521; baseline 0.004 -23"><span class='ocrx_word' id='word_1_7' title='bbox 212 458 243 521; x_wconf 90' lang='lat' dir='ltr'>p.</span> <span class='ocrx_word' id='word_1_8' title='bbox 260 435 300 498; x_wconf 88' lang='grc'>88</span> <span class='ocrx_word' id='word_1_9' title='bbox 316 438 469 510; x_wconf 75' lang='lat' dir='ltr'>‘satanica</span> <span class='ocrx_word' id='word_1_10' title='bbox 483 441 577 498; x_wconf 85' lang='lat' dir='ltr'>maiia</span> <span class='ocrx_word' id='word_1_11' title='bbox 588 437 716 509; x_wconf 82' lang='lat' dir='ltr'>faivtar&#39;</span> <span class='ocrx_word' id='word_1_12' title='bbox 733 443 765 498; x_wconf 88' lang='lat' dir='ltr'>et</span> <span class='ocrx_word' id='word_1_13' title='bbox 780 432 834 498; x_wconf 77' lang='lat' dir='ltr'>el.</span> <span class='ocrx_word' id='word_1_14' title='bbox 850 435 955 501; x_wconf 88' lang='lat' dir='ltr'>Labb.</span> <span class='ocrx_word' id='word_1_15' title='bbox 975 439 1074 512; x_wconf 77' lang='lat' dir='ltr'>‘salar</span> <span class='ocrx_word' id='word_1_16' title='bbox 1093 439 1354 514; x_wconf 84' lang='grc' dir='ltr'>πολυλογέω.’</span> 
     </span>
     <span class='ocr_line' id='line_1_3' title="bbox 211 535 1354 624; baseline 0.002 -22"><span class='ocrx_word' id='word_1_17' title='bbox 211 538 361 623; x_wconf 91' lang='lat' dir='ltr'>Denique</span> <span class='ocrx_word' id='word_1_18' title='bbox 375 535 423 601; x_wconf 92' lang='lat' dir='ltr'>illi</span> <span class='ocrx_word' id='word_1_19' title='bbox 438 559 535 622; x_wconf 90' lang='lat' dir='ltr'>quam</span> <span class='ocrx_word' id='word_1_20' title='bbox 557 537 699 601; x_wconf 84' lang='lat' dir='ltr'>eruimus</span> <span class='ocrx_word' id='word_1_21' title='bbox 714 535 839 602; x_wconf 84' lang='lat' dir='ltr'>formae</span> <span class='ocrx_word' id='word_1_22' title='bbox 854 536 976 624; x_wconf 89' lang='lat' dir='ltr'>oppido</span> <span class='ocrx_word' id='word_1_23' title='bbox 992 538 1145 604; x_wconf 84' lang='lat' dir='ltr'>convenit</span> <span class='ocrx_word' id='word_1_24' title='bbox 1167 561 1262 606; x_wconf 89' lang='lat' dir='ltr'>oscus</span> <span class='ocrx_word' id='word_1_25' title='bbox 1283 540 1354 606; x_wconf 86' lang='lat' dir='ltr'>infi-</span> 
     </span>
     <span class='ocr_line' id='line_1_4' title="bbox 211 636 1355 727; baseline 0.004 -25"><span class='ocrx_word' id='word_1_26' title='bbox 211 639 335 722; x_wconf 83' lang='lat' dir='ltr'>nitivus</span> <span class='ocrx_word' id='word_1_27' title='bbox 353 641 487 715; x_wconf 79' lang='lat' dir='ltr'>‘fatiam’</span> <span class='ocrx_word' id='word_1_28' title='bbox 503 639 537 702; x_wconf 91' lang='lat' dir='ltr'>in</span> <span class='ocrx_word' id='word_1_29' title='bbox 557 637 681 702; x_wconf 86' lang='lat' dir='ltr'>lamina</span> <span class='ocrx_word' id='word_1_30' title='bbox 700 636 855 725; x_wconf 88' lang='lat' dir='ltr'>plumbea</span> <span class='ocrx_word' id='word_1_31' title='bbox 870 639 1002 725; x_wconf 82' lang='lat' dir='ltr'>Capuae</span> <span class='ocrx_word' id='word_1_32' title='bbox 1017 662 1123 726; x_wconf 82' lang='lat' dir='ltr'>nuper</span> <span class='ocrx_word' id='word_1_33' title='bbox 1143 650 1273 727; x_wconf 85' lang='lat' dir='ltr'>reperta</span> <span class='ocrx_word' id='word_1_34' title='bbox 1287 651 1320 706; x_wconf 89' lang='lat' dir='ltr'>et</span> <span class='ocrx_word' id='word_1_35' title='bbox 1335 664 1355 706; x_wconf 89' lang='lat' dir='ltr'>a</span> 
     </span>
     <span class='ocr_line' id='line_1_5' title="bbox 134 739 1352 828; baseline 0.002 -22"><span class='ocrx_word' id='word_1_36' title='bbox 134 776 140 784; x_wconf 80' lang='lat'><em>-</em></span> <span class='ocrx_word' id='word_1_37' title='bbox 210 740 409 806; x_wconf 87' lang='lat' dir='ltr'>Minervinio</span> <span class='ocrx_word' id='word_1_38' title='bbox 425 739 511 804; x_wconf 93' lang='lat' dir='ltr'>Bull.</span> <span class='ocrx_word' id='word_1_39' title='bbox 527 739 663 826; x_wconf 89' lang='lat' dir='ltr'>Neapol.</span> <span class='ocrx_word' id='word_1_40' title='bbox 680 763 756 806; x_wconf 90' lang='lat' dir='ltr'>nov.</span> <span class='ocrx_word' id='word_1_41' title='bbox 773 763 840 805; x_wconf 52' lang='lat' dir='ltr'>sera</span> <span class='ocrx_word' id='word_1_42' title='bbox 852 740 884 804; x_wconf 94' lang='lat' dir='ltr'>V</span> <span class='ocrx_word' id='word_1_43' title='bbox 899 764 931 828; x_wconf 92' lang='lat' dir='ltr'>p.</span> <span class='ocrx_word' id='word_1_44' title='bbox 950 742 1012 806; x_wconf 86' lang='lat'>100</span> <span class='ocrx_word' id='word_1_45' title='bbox 1031 751 1053 806; x_wconf 85' lang='grc'>1.</span> <span class='ocrx_word' id='word_1_46' title='bbox 1071 741 1156 807; x_wconf 90' lang='lat' dir='ltr'>VIII</span> <span class='ocrx_word' id='word_1_47' title='bbox 1170 743 1352 828; x_wconf 88' lang='lat' dir='ltr'>publicata:</span> 
     </span>
     <span class='ocr_line' id='line_1_6' title="bbox 210 841 1355 930; baseline 0.002 -22"><span class='ocrx_word' id='word_1_48' title='bbox 210 865 307 930; x_wconf 90' lang='lat' dir='ltr'>quem</span> <span class='ocrx_word' id='word_1_49' title='bbox 330 864 405 907; x_wconf 90' lang='lat' dir='ltr'>cum</span> <span class='ocrx_word' id='word_1_50' title='bbox 426 843 560 908; x_wconf 70' lang='lat' dir='ltr'>‘fateri&#39;</span> <span class='ocrx_word' id='word_1_51' title='bbox 581 841 744 908; x_wconf 89' lang='lat' dir='ltr'>infinitivo</span> <span class='ocrx_word' id='word_1_52' title='bbox 766 842 948 908; x_wconf 81' lang='lat' dir='ltr'>Corssenus</span> <span class='ocrx_word' id='word_1_53' title='bbox 974 845 1156 930; x_wconf 82' lang='lat' dir='ltr'><strong>composuit</strong></span> <span class='ocrx_word' id='word_1_54' title='bbox 1175 845 1210 908; x_wconf 92' lang='lat' dir='ltr'>in</span> <span class='ocrx_word' id='word_1_55' title='bbox 1229 845 1355 910; x_wconf 89' lang='lat' dir='ltr'>Kuhnii</span> 
     </span>
     <span class='ocr_line' id='line_1_7' title="bbox 211 943 1354 1032; baseline 0.001 -22"><span class='ocrx_word' id='word_1_56' title='bbox 211 945 330 1011; x_wconf 88' lang='lat' dir='ltr'>Annal.</span> <span class='ocrx_word' id='word_1_57' title='bbox 361 944 439 1030; x_wconf 84' lang='lat' dir='ltr'>ling.</span> <span class='ocrx_word' id='word_1_58' title='bbox 472 966 577 1031; x_wconf 90' lang='lat' dir='ltr'>comp.</span> <span class='ocrx_word' id='word_1_59' title='bbox 608 944 660 1008; x_wconf 86' lang='lat' dir='ltr'>XI</span> <span class='ocrx_word' id='word_1_60' title='bbox 687 967 718 1030; x_wconf 87' lang='lat' dir='ltr'>p.</span> <span class='ocrx_word' id='word_1_61' title='bbox 745 943 818 1009; x_wconf 79' lang='lat'>344.</span> <span class='ocrx_word' id='word_1_62' title='bbox 856 945 949 1009; x_wconf 83' lang='lat' dir='ltr'>Idem</span> <span class='ocrx_word' id='word_1_63' title='bbox 978 967 1052 1010; x_wconf 91' lang='lat' dir='ltr'>cum</span> <span class='ocrx_word' id='word_1_64' title='bbox 1081 946 1115 1009; x_wconf 88' lang='lat' dir='ltr'>in</span> <span class='ocrx_word' id='word_1_65' title='bbox 1142 945 1255 1032; x_wconf 87' lang='lat' dir='ltr'>Symb.</span> <span class='ocrx_word' id='word_1_66' title='bbox 1282 947 1354 1012; x_wconf 86' lang='lat' dir='ltr'>crit.</span> 
     </span>
     <span class='ocr_line' id='line_1_8' title="bbox 210 1045 1354 1134; baseline 0.002 -22"><span class='ocrx_word' id='word_1_67' title='bbox 210 1071 242 1134; x_wconf 91' lang='lat' dir='ltr'>p.</span> <span class='ocrx_word' id='word_1_68' title='bbox 260 1049 301 1112; x_wconf 76' lang='lat'>75</span> <span class='ocrx_word' id='word_1_69' title='bbox 316 1049 387 1133; x_wconf 90' lang='lat' dir='ltr'>sqq.</span> <span class='ocrx_word' id='word_1_70' title='bbox 403 1047 446 1112; x_wconf 89' lang='lat' dir='ltr'>cf.</span> <span class='ocrx_word' id='word_1_71' title='bbox 463 1045 581 1112; x_wconf 93' lang='lat' dir='ltr'>Philol.</span> <span class='ocrx_word' id='word_1_72' title='bbox 596 1045 667 1131; x_wconf 78' lang='lat' dir='ltr'>XX</span> <span class='ocrx_word' id='word_1_73' title='bbox 682 1047 743 1111; x_wconf 80' lang='lat'>732</span> <span class='ocrx_word' id='word_1_74' title='bbox 759 1069 807 1133; x_wconf 88' lang='lat' dir='ltr'>sq.</span> <span class='ocrx_word' id='word_1_75' title='bbox 824 1069 935 1111; x_wconf 91' lang='lat' dir='ltr'>eorum</span> <span class='ocrx_word' id='word_1_76' title='bbox 950 1049 1126 1113; x_wconf 88' lang='lat' dir='ltr'>verborum</span> <span class='ocrx_word' id='word_1_77' title='bbox 1143 1059 1354 1133; x_wconf 88' lang='lat' dir='ltr'>conspectum</span> 
     </span>
     <span class='ocr_line' id='line_1_9' title="bbox 210 1147 1355 1236; baseline 0.003 -23"><span class='ocrx_word' id='word_1_78' title='bbox 210 1158 324 1234; x_wconf 83' lang='lat' dir='ltr'>ageret</span> <span class='ocrx_word' id='word_1_79' title='bbox 348 1149 382 1212; x_wconf 90' lang='lat' dir='ltr'>in</span> <span class='ocrx_word' id='word_1_80' title='bbox 407 1149 525 1236; x_wconf 89' lang='lat' dir='ltr'>quibus</span> <span class='ocrx_word' id='word_1_81' title='bbox 547 1147 704 1213; x_wconf 84' lang='lat' dir='ltr'>suffixum</span> <span class='ocrx_word' id='word_1_82' title='bbox 725 1147 785 1212; x_wconf 73' lang='lat' dir='ltr'>‘ti&#39;</span> <span class='ocrx_word' id='word_1_83' title='bbox 806 1158 965 1235; x_wconf 81' lang='lat' dir='ltr'>appareat</span> <span class='ocrx_word' id='word_1_84' title='bbox 987 1149 1081 1236; x_wconf 91' lang='lat' dir='ltr'>stirpi</span> <span class='ocrx_word' id='word_1_85' title='bbox 1093 1149 1285 1232; x_wconf 81' lang='lat' dir='ltr'>adiectum,</span> <span class='ocrx_word' id='word_1_86' title='bbox 1312 1175 1355 1216; x_wconf 83' lang='lat' dir='ltr'>ex</span> 
     </span>
     <span class='ocr_line' id='line_1_10' title="bbox 210 1250 1356 1337; baseline 0.002 -22"><span class='ocrx_word' id='word_1_87' title='bbox 210 1259 328 1336; x_wconf 87' lang='lat' dir='ltr'>quarta</span> <span class='ocrx_word' id='word_1_88' title='bbox 348 1251 491 1314; x_wconf 83' lang='lat' dir='ltr'>maxime</span> <span class='ocrx_word' id='word_1_89' title='bbox 517 1251 746 1335; x_wconf 81' lang='lat' dir='ltr'>coniugatione</span> <span class='ocrx_word' id='word_1_90' title='bbox 773 1250 895 1315; x_wconf 91' lang='lat' dir='ltr'>nubem</span> <span class='ocrx_word' id='word_1_91' title='bbox 920 1250 1144 1337; x_wconf 88' lang='lat' dir='ltr'>exemplorum</span> <span class='ocrx_word' id='word_1_92' title='bbox 1170 1251 1295 1334; x_wconf 83' lang='lat' dir='ltr'>attulit,</span> <span class='ocrx_word' id='word_1_93' title='bbox 1318 1263 1356 1318; x_wconf 89' lang='lat' dir='ltr'>ut</span> 
     </span>
     <span class='ocr_line' id='line_1_11' title="bbox 211 1351 1355 1439; baseline -0.002 -19"><span class='ocrx_word' id='word_1_94' title='bbox 211 1353 348 1435; x_wconf 72' lang='lat' dir='ltr'>‘artire’,</span> <span class='ocrx_word' id='word_1_95' title='bbox 365 1353 502 1434; x_wconf 72' lang='lat' dir='ltr'>‘futire’,</span> <span class='ocrx_word' id='word_1_96' title='bbox 519 1352 640 1438; x_wconf 76' lang='lat' dir='ltr'>‘potiri&#39;</span> <span class='ocrx_word' id='word_1_97' title='bbox 656 1351 711 1434; x_wconf 83' lang='lat' dir='ltr'>al,</span> <span class='ocrx_word' id='word_1_98' title='bbox 727 1352 867 1439; x_wconf 79' lang='lat' dir='ltr'>primam</span> <span class='ocrx_word' id='word_1_99' title='bbox 882 1375 948 1418; x_wconf 87' lang='lat' dir='ltr'>non</span> <span class='ocrx_word' id='word_1_100' title='bbox 963 1353 1083 1438; x_wconf 82' lang='lat' dir='ltr'>tetigit.</span> <span class='ocrx_word' id='word_1_101' title='bbox 1114 1354 1161 1418; x_wconf 86' lang='lat' dir='ltr'>At</span> <span class='ocrx_word' id='word_1_102' title='bbox 1181 1377 1222 1418; x_wconf 90' lang='lat' dir='ltr'>ne</span> <span class='ocrx_word' id='word_1_103' title='bbox 1237 1377 1279 1418; x_wconf 88' lang='lat' dir='ltr'>ex</span> <span class='ocrx_word' id='word_1_104' title='bbox 1293 1354 1355 1419; x_wconf 91' lang='lat' dir='ltr'>hac</span> 
     </span>
     <span class='ocr_line' id='line_1_12' title="bbox 211 1453 1353 1542; baseline 0 -23"><span class='ocrx_word' id='word_1_105' title='bbox 211 1454 475 1542; x_wconf 86' lang='lat' dir='ltr'>quidemdesunt</span> <span class='ocrx_word' id='word_1_106' title='bbox 493 1464 624 1540; x_wconf 87' lang='lat' dir='ltr'>praeter</span> <span class='ocrx_word' id='word_1_107' title='bbox 642 1454 813 1532; x_wconf 68' lang='lat' dir='ltr'>‘fa-tior’,</span> <span class='ocrx_word' id='word_1_108' title='bbox 836 1454 1019 1520; x_wconf 75' lang='lat' dir='ltr'>‘infitior&#39;</span> <span class='ocrx_word' id='word_1_109' title='bbox 1042 1453 1207 1542; x_wconf 83' lang='lat' dir='ltr'>exempla:</span> <span class='ocrx_word' id='word_1_110' title='bbox 1235 1456 1353 1541; x_wconf 87' lang='lat' dir='ltr'>quibus</span> 
     </span>
     <span class='ocr_line' id='line_1_13' title="bbox 210 1556 1355 1643; baseline 0.002 -23"><span class='ocrx_word' id='word_1_111' title='bbox 210 1556 385 1621; x_wconf 88' lang='lat' dir='ltr'>finitimum</span> <span class='ocrx_word' id='word_1_112' title='bbox 401 1565 451 1621; x_wconf 85' lang='lat' dir='ltr'>est</span> <span class='ocrx_word' id='word_1_113' title='bbox 468 1557 642 1642; x_wconf 64' lang='lat' dir='ltr'>‘spa-tior</span> <span class='ocrx_word' id='word_1_114' title='bbox 659 1579 701 1622; x_wconf 84' lang='lat' dir='ltr'>ex</span> <span class='ocrx_word' id='word_1_115' title='bbox 716 1556 827 1621; x_wconf 89' lang='lat' dir='ltr'>radice</span> <span class='ocrx_word' id='word_1_116' title='bbox 846 1563 941 1643; x_wconf 80' lang='lat' dir='ltr'>‘spa&#39;,</span> <span class='ocrx_word' id='word_1_117' title='bbox 957 1579 1006 1642; x_wconf 83' lang='lat' dir='ltr'>gr.</span> <span class='ocrx_word' id='word_1_118' title='bbox 1024 1558 1158 1639; x_wconf 76' lang='grc' dir='ltr'><strong>επὰ-ω,</strong></span> <span class='ocrx_word' id='word_1_119' title='bbox 1175 1557 1215 1622; x_wconf 90' lang='lat' dir='ltr'>de</span> <span class='ocrx_word' id='word_1_120' title='bbox 1230 1580 1296 1642; x_wconf 89' lang='lat' dir='ltr'>qua</span> <span class='ocrx_word' id='word_1_121' title='bbox 1311 1557 1355 1622; x_wconf 91' lang='lat' dir='ltr'>cf.</span> 
     </span>
     <span class='ocr_line' id='line_1_14' title="bbox 179 1657 1354 1746; baseline 0.001 -23"><span class='ocrx_word' id='word_1_122' title='bbox 179 1743 185 1746; x_wconf 16' lang='grc' dir='ltr'><strong>ῃ</strong></span> <span class='ocrx_word' id='word_1_123' title='bbox 211 1659 253 1723; x_wconf 80' lang='lat' dir='ltr'>G.</span> <span class='ocrx_word' id='word_1_124' title='bbox 271 1658 403 1724; x_wconf 85' lang='lat' dir='ltr'>Curtius</span> <span class='ocrx_word' id='word_1_125' title='bbox 425 1659 537 1745; x_wconf 88' lang='lat' dir='ltr'>Etym.</span> <span class='ocrx_word' id='word_1_126' title='bbox 554 1658 614 1724; x_wconf 75' lang='grc'><strong>(11.</strong></span> <span class='ocrx_word' id='word_1_127' title='bbox 636 1660 654 1723; x_wconf 93' lang='lat' dir='ltr'>I</span> <span class='ocrx_word' id='word_1_128' title='bbox 675 1682 707 1746; x_wconf 84' lang='lat' dir='ltr'>p.</span> <span class='ocrx_word' id='word_1_129' title='bbox 724 1657 796 1724; x_wconf 83' lang='lat'>354.</span> <span class='ocrx_word' id='word_1_130' title='bbox 835 1657 930 1724; x_wconf 88' lang='lat' dir='ltr'>Idem</span> <span class='ocrx_word' id='word_1_131' title='bbox 951 1667 1062 1723; x_wconf 88' lang='lat' dir='ltr'>autem</span> <span class='ocrx_word' id='word_1_132' title='bbox 1082 1698 1125 1710; x_wconf 79' lang='lat'>—-</span> <span class='ocrx_word' id='word_1_133' title='bbox 1144 1682 1221 1724; x_wconf 89' lang='lat' dir='ltr'>nam</span> <span class='ocrx_word' id='word_1_134' title='bbox 1242 1659 1283 1724; x_wconf 90' lang='lat' dir='ltr'>de</span> <span class='ocrx_word' id='word_1_135' title='bbox 1305 1682 1354 1724; x_wconf 88' lang='lat' dir='ltr'>sa-</span> 
     </span>
     <span class='ocr_line' id='line_1_15' title="bbox 210 1759 1354 1848; baseline 0 -22"><span class='ocrx_word' id='word_1_136' title='bbox 210 1759 317 1838; x_wconf 83' lang='lat' dir='ltr'>tiandi</span> <span class='ocrx_word' id='word_1_137' title='bbox 336 1760 437 1826; x_wconf 86' lang='lat' dir='ltr'>verbo</span> <span class='ocrx_word' id='word_1_138' title='bbox 460 1760 542 1826; x_wconf 86' lang='lat' dir='ltr'><strong>nihil</strong></span> <span class='ocrx_word' id='word_1_139' title='bbox 558 1759 732 1826; x_wconf 82' lang='lat' dir='ltr'>decernere</span> <span class='ocrx_word' id='word_1_140' title='bbox 748 1761 852 1826; x_wconf 87' lang='lat' dir='ltr'>ausim</span> <span class='ocrx_word' id='word_1_141' title='bbox 867 1799 910 1812; x_wconf 77' lang='lat'>—</span> <span class='ocrx_word' id='word_1_142' title='bbox 923 1761 958 1824; x_wconf 91' lang='lat' dir='ltr'>in</span> <span class='ocrx_word' id='word_1_143' title='bbox 974 1761 1151 1827; x_wconf 76' lang='lat' dir='ltr'>‘vi-ti-o’</span> <span class='ocrx_word' id='word_1_144' title='bbox 1167 1783 1354 1848; x_wconf 87' lang='lat' dir='ltr'>comparere</span> 
     </span>
     <span class='ocr_line' id='line_1_16' title="bbox 211 1855 1355 1950; baseline 0.003 -25"><span class='ocrx_word' id='word_1_145' title='bbox 211 1862 375 1949; x_wconf 90' lang='lat' dir='ltr'>suspicor:</span> <span class='ocrx_word' id='word_1_146' title='bbox 400 1862 540 1928; x_wconf 72' lang='lat' dir='ltr'>‘vitium&#39;</span> <span class='ocrx_word' id='word_1_147' title='bbox 557 1863 644 1927; x_wconf 90' lang='lat' dir='ltr'>enim</span> <span class='ocrx_word' id='word_1_148' title='bbox 659 1871 693 1928; x_wconf 90' lang='lat' dir='ltr'>et</span> <span class='ocrx_word' id='word_1_149' title='bbox 708 1863 813 1928; x_wconf 73' lang='lat' dir='ltr'>‘vitio&#39;</span> <span class='ocrx_word' id='word_1_150' title='bbox 829 1863 888 1928; x_wconf 85' lang='lat' dir='ltr'>vix</span> <span class='ocrx_word' id='word_1_151' title='bbox 903 1855 954 1927; x_wconf 83' lang='lat' dir='ltr'>est</span> <span class='ocrx_word' id='word_1_152' title='bbox 969 1885 1032 1950; x_wconf 93' lang='lat' dir='ltr'>quo</span> <span class='ocrx_word' id='word_1_153' title='bbox 1048 1863 1252 1950; x_wconf 82' lang='lat' dir='ltr'>probabilius</span> <span class='ocrx_word' id='word_1_154' title='bbox 1274 1863 1355 1929; x_wconf 78' lang='lat' dir='ltr'>refe·</span> 
     </span>
     <span class='ocr_line' id='line_1_17' title="bbox 210 1964 1356 2051; baseline 0.003 -24"><span class='ocrx_word' id='word_1_155' title='bbox 210 1974 303 2029; x_wconf 85' lang='lat' dir='ltr'>ratur</span> <span class='ocrx_word' id='word_1_156' title='bbox 318 1964 470 2050; x_wconf 81' lang='lat' dir='ltr'>quemad</span> <span class='ocrx_word' id='word_1_157' title='bbox 486 1966 656 2051; x_wconf 85' lang='lat' dir='ltr'>antiquum</span> <span class='ocrx_word' id='word_1_158' title='bbox 668 1965 748 2030; x_wconf 70' lang='lat' dir='ltr'>‘vio&#39;</span> <span class='ocrx_word' id='word_1_159' title='bbox 762 1964 819 2049; x_wconf 86' lang='lat' dir='ltr'>(cf.</span> <span class='ocrx_word' id='word_1_160' title='bbox 831 1965 966 2046; x_wconf 78' lang='lat' dir='ltr'>vimen,</span> <span class='ocrx_word' id='word_1_161' title='bbox 981 1966 1088 2047; x_wconf 85' lang='lat' dir='ltr'>vi-tis)</span> <span class='ocrx_word' id='word_1_162' title='bbox 1101 1988 1127 2030; x_wconf 90' lang='lat' dir='ltr'>s.</span> <span class='ocrx_word' id='word_1_163' title='bbox 1141 1968 1251 2048; x_wconf 76' lang='lat' dir='ltr'>‘vieo&#39;,</span> <span class='ocrx_word' id='word_1_164' title='bbox 1268 1965 1356 2051; x_wconf 87' lang='lat' dir='ltr'>quod</span> 
     </span>
     <span class='ocr_line' id='line_1_18' title="bbox 210 2065 1354 2154; baseline 0.003 -26"><span class='ocrx_word' id='word_1_165' title='bbox 210 2065 335 2152; x_wconf 85' lang='lat' dir='ltr'>ligandi</span> <span class='ocrx_word' id='word_1_166' title='bbox 346 2078 379 2133; x_wconf 89' lang='lat' dir='ltr'>et</span> <span class='ocrx_word' id='word_1_167' title='bbox 390 2067 555 2154; x_wconf 82' lang='lat' dir='ltr'>plectendi</span> <span class='ocrx_word' id='word_1_168' title='bbox 567 2069 734 2134; x_wconf 88' lang='lat' dir='ltr'>notionem</span> <span class='ocrx_word' id='word_1_169' title='bbox 745 2067 857 2148; x_wconf 83' lang='lat' dir='ltr'>habet,</span> <span class='ocrx_word' id='word_1_170' title='bbox 869 2065 957 2130; x_wconf 88' lang='lat' dir='ltr'>unde</span> <span class='ocrx_word' id='word_1_171' title='bbox 969 2067 1101 2131; x_wconf 65' lang='lat' dir='ltr'>‘vietus’</span> <span class='ocrx_word' id='word_1_172' title='bbox 1114 2077 1165 2132; x_wconf 89' lang='lat' dir='ltr'>est</span> <span class='ocrx_word' id='word_1_173' title='bbox 1174 2067 1354 2148; x_wconf 59' lang='lat' dir='ltr'>inflexus,</span> 
     </span>
     <span class='ocr_line' id='line_1_19' title="bbox 211 2167 1353 2257; baseline 0 -23"><span class='ocrx_word' id='word_1_174' title='bbox 211 2167 408 2234; x_wconf 70' lang='lat' dir='ltr'>‘flaccidas&#39;:</span> <span class='ocrx_word' id='word_1_175' title='bbox 428 2177 500 2236; x_wconf 72' lang='lat' dir='ltr'>‘viia</span> <span class='ocrx_word' id='word_1_176' title='bbox 516 2175 651 2236; x_wconf 81' lang='lat' dir='ltr'>detrivvs’</span> <span class='ocrx_word' id='word_1_177' title='bbox 667 2167 811 2257; x_wconf 84' lang='lat' dir='ltr'>explicat</span> <span class='ocrx_word' id='word_1_178' title='bbox 827 2169 971 2233; x_wconf 85' lang='lat' dir='ltr'>Thomae</span> <span class='ocrx_word' id='word_1_179' title='bbox 988 2168 1087 2233; x_wconf 80' lang='lat' dir='ltr'>Thes.</span> <span class='ocrx_word' id='word_1_180' title='bbox 1102 2191 1135 2254; x_wconf 89' lang='lat' dir='ltr'>p.</span> <span class='ocrx_word' id='word_1_181' title='bbox 1146 2169 1209 2233; x_wconf 76' lang='lat'>622</span> <span class='ocrx_word' id='word_1_182' title='bbox 1224 2169 1266 2232; x_wconf 83' lang='grc'>01.</span> <span class='ocrx_word' id='word_1_183' title='bbox 1280 2169 1353 2234; x_wconf 81' lang='lat'>596.</span> 
     </span>
     <span class='ocr_line' id='line_1_20' title="bbox 211 2261 1379 2359; baseline 0.001 -25"><span class='ocrx_word' id='word_1_184' title='bbox 211 2270 273 2334; x_wconf 73' lang='lat'>[528</span> <span class='ocrx_word' id='word_1_185' title='bbox 284 2271 330 2336; x_wconf 90' lang='grc' dir='ltr'>Μ.</span> <span class='ocrx_word' id='word_1_186' title='bbox 347 2271 463 2359; x_wconf 88' lang='lat' dir='ltr'>Itaque</span> <span class='ocrx_word' id='word_1_187' title='bbox 480 2272 649 2338; x_wconf 84' lang='lat' dir='ltr'>‘vitium&#39;</span> <span class='ocrx_word' id='word_1_188' title='bbox 665 2271 797 2358; x_wconf 87' lang='lat' dir='ltr'>proprie</span> <span class='ocrx_word' id='word_1_189' title='bbox 812 2293 878 2336; x_wconf 89' lang='lat' dir='ltr'>non</span> <span class='ocrx_word' id='word_1_190' title='bbox 893 2269 1057 2354; x_wconf 81' lang='lat' dir='ltr'>significat</span> <span class='ocrx_word' id='word_1_191' title='bbox 1071 2268 1199 2356; x_wconf 89' lang='lat' dir='ltr'>lapsum</span> <span class='ocrx_word' id='word_1_192' title='bbox 1214 2271 1272 2334; x_wconf 83' lang='lat' dir='ltr'>aut</span> <span class='ocrx_word' id='word_1_193' title='bbox 1286 2261 1355 2336; x_wconf 88' lang='lat' dir='ltr'>vio·</span> <span class='ocrx_word' id='word_1_194' title='bbox 1378 2261 1379 2264; x_wconf 24' lang='lat'>¹</span> 
     </span>
     <span class='ocr_line' id='line_1_21' title="bbox 211 2371 1355 2460; baseline 0 -24"><span class='ocrx_word' id='word_1_195' title='bbox 211 2372 383 2455; x_wconf 83' lang='lat' dir='ltr'>lationem,</span> <span class='ocrx_word' id='word_1_196' title='bbox 406 2373 465 2438; x_wconf 90' lang='lat' dir='ltr'>sed</span> <span class='ocrx_word' id='word_1_197' title='bbox 491 2373 760 2460; x_wconf 86' lang='lat' dir='ltr'>impedimentum</span> <span class='ocrx_word' id='word_1_198' title='bbox 785 2373 895 2460; x_wconf 88' lang='lat' dir='ltr'>potius</span> <span class='ocrx_word' id='word_1_199' title='bbox 921 2382 954 2438; x_wconf 89' lang='lat' dir='ltr'>et</span> <span class='ocrx_word' id='word_1_200' title='bbox 974 2372 1051 2437; x_wconf 89' lang='lat' dir='ltr'>inde</span> <span class='ocrx_word' id='word_1_201' title='bbox 1071 2371 1237 2459; x_wconf 87' lang='lat' dir='ltr'>quoddam</span> <span class='ocrx_word' id='word_1_202' title='bbox 1258 2394 1355 2436; x_wconf 83' lang='lat' dir='ltr'>excu-</span> 
     </span>
     <span class='ocr_line' id='line_1_22' title="bbox 212 2474 1356 2562; baseline 0 -22"><span class='ocrx_word' id='word_1_203' title='bbox 212 2474 306 2540; x_wconf 85' lang='lat' dir='ltr'>sandi</span> <span class='ocrx_word' id='word_1_204' title='bbox 337 2487 550 2542; x_wconf 89' lang='lat' dir='ltr'>momentum.</span> <span class='ocrx_word' id='word_1_205' title='bbox 599 2479 709 2562; x_wconf 87' lang='lat' dir='ltr'>Atque</span> <span class='ocrx_word' id='word_1_206' title='bbox 742 2477 804 2540; x_wconf 90' lang='lat' dir='ltr'>hac</span> <span class='ocrx_word' id='word_1_207' title='bbox 833 2478 906 2562; x_wconf 88' lang='lat' dir='ltr'>ipsa</span> <span class='ocrx_word' id='word_1_208' title='bbox 933 2474 1172 2560; x_wconf 86' lang='lat' dir='ltr'>significatione</span> <span class='ocrx_word' id='word_1_209' title='bbox 1199 2475 1356 2561; x_wconf 90' lang='lat' dir='ltr'>primaria</span> 
     </span>
     <span class='ocr_line' id='line_1_23' title="bbox 211 2577 1354 2666; baseline 0 -23"><span class='ocrx_word' id='word_1_210' title='bbox 211 2578 342 2664; x_wconf 87' lang='lat' dir='ltr'>ponitur</span> <span class='ocrx_word' id='word_1_211' title='bbox 357 2579 392 2643; x_wconf 92' lang='lat' dir='ltr'>in</span> <span class='ocrx_word' id='word_1_212' title='bbox 407 2579 478 2664; x_wconf 79' lang='lat' dir='ltr'>lege</span> <span class='ocrx_word' id='word_1_213' title='bbox 494 2579 511 2642; x_wconf 91' lang='grc' dir='ltr'>Ι</span> <span class='ocrx_word' id='word_1_214' title='bbox 526 2580 546 2643; x_wconf 85' lang='grc'><strong>3</strong></span> <span class='ocrx_word' id='word_1_215' title='bbox 563 2585 602 2642; x_wconf 80' lang='lat' dir='ltr'>‘si</span> <span class='ocrx_word' id='word_1_216' title='bbox 614 2583 733 2642; x_wconf 72' lang='lat' dir='ltr'>mabar</span> <span class='ocrx_word' id='word_1_217' title='bbox 748 2585 896 2642; x_wconf 78' lang='lat' dir='ltr'>aevitasve</span> <span class='ocrx_word' id='word_1_218' title='bbox 917 2585 1044 2642; x_wconf 69' lang='lat' dir='ltr'>critiam</span> <span class='ocrx_word' id='word_1_219' title='bbox 1059 2585 1132 2642; x_wconf 79' lang='lat' dir='ltr'>escit</span> <span class='ocrx_word' id='word_1_220' title='bbox 1138 2583 1159 2660; x_wconf 87' lang='grc'>’,</span> <span class='ocrx_word' id='word_1_221' title='bbox 1179 2578 1238 2666; x_wconf 87' lang='lat' dir='ltr'>ubi</span> <span class='ocrx_word' id='word_1_222' title='bbox 1254 2577 1354 2643; x_wconf 89' lang='lat' dir='ltr'>edito·</span> 
     </span>
     <span class='ocr_line' id='line_1_24' title="bbox 212 2680 1356 2767; baseline 0.003 -25"><span class='ocrx_word' id='word_1_223' title='bbox 212 2701 284 2744; x_wconf 85' lang='lat' dir='ltr'>rum</span> <span class='ocrx_word' id='word_1_224' title='bbox 299 2681 506 2766; x_wconf 90' lang='lat' dir='ltr'>quorundam</span> <span class='ocrx_word' id='word_1_225' title='bbox 522 2690 741 2748; x_wconf 87' lang='lat' dir='ltr'>commentum</span> <span class='ocrx_word' id='word_1_226' title='bbox 757 2687 929 2746; x_wconf 72' lang='lat' dir='ltr'>‘vitiumve’</span> <span class='ocrx_word' id='word_1_227' title='bbox 951 2681 1015 2767; x_wconf 86' lang='lat' dir='ltr'>ipsi</span> <span class='ocrx_word' id='word_1_228' title='bbox 1030 2680 1166 2763; x_wconf 81' lang='lat' dir='ltr'>Hugoni</span> <span class='ocrx_word' id='word_1_229' title='bbox 1180 2680 1356 2766; x_wconf 88' lang='lat' dir='ltr'>probatum</span> 
     </span>
     <span class='ocr_line' id='line_1_25' title="bbox 212 2781 1354 2869; baseline 0.001 -24"><span class='ocrx_word' id='word_1_230' title='bbox 212 2803 289 2846; x_wconf 87' lang='lat' dir='ltr'>vero</span> <span class='ocrx_word' id='word_1_231' title='bbox 306 2793 498 2867; x_wconf 81' lang='lat' dir='ltr'>argumento</span> <span class='ocrx_word' id='word_1_232' title='bbox 514 2807 592 2848; x_wconf 91' lang='lat' dir='ltr'>usus</span> <span class='ocrx_word' id='word_1_233' title='bbox 608 2783 795 2848; x_wconf 86' lang='lat' dir='ltr'>Dirksenus</span> <span class='ocrx_word' id='word_1_234' title='bbox 811 2783 925 2848; x_wconf 87' lang='lat' dir='ltr'>reiecit</span> <span class='ocrx_word' id='word_1_235' title='bbox 939 2806 971 2869; x_wconf 90' lang='lat' dir='ltr'>p.</span> <span class='ocrx_word' id='word_1_236' title='bbox 990 2783 1060 2848; x_wconf 77' lang='lat'>150.</span> <span class='ocrx_word' id='word_1_237' title='bbox 1090 2781 1163 2863; x_wconf 77' lang='lat' dir='ltr'>Quo</span> <span class='ocrx_word' id='word_1_238' title='bbox 1178 2782 1283 2867; x_wconf 82' lang='lat' dir='ltr'>magis</span> <span class='ocrx_word' id='word_1_239' title='bbox 1298 2784 1354 2846; x_wconf 91' lang='lat' dir='ltr'>mi-</span> 
     </span>
     <span class='ocr_line' id='line_1_26' title="bbox 212 2885 1356 2972; baseline 0.001 -26"><span class='ocrx_word' id='word_1_240' title='bbox 212 2893 265 2946; x_wconf 89' lang='lat' dir='ltr'>ror</span> <span class='ocrx_word' id='word_1_241' title='bbox 279 2906 384 2970; x_wconf 86' lang='lat' dir='ltr'>nsque</span> <span class='ocrx_word' id='word_1_242' title='bbox 399 2885 603 2950; x_wconf 86' lang='lat' dir='ltr'>Dirksenum</span> <span class='ocrx_word' id='word_1_243' title='bbox 619 2908 724 2972; x_wconf 88' lang='lat' dir='ltr'>neque</span> <span class='ocrx_word' id='word_1_244' title='bbox 739 2886 956 2950; x_wconf 77' lang='lat' dir='ltr'>recentiorum</span> <span class='ocrx_word' id='word_1_245' title='bbox 971 2906 1168 2972; x_wconf 53' lang='lat' dir='ltr'>quemquaffi</span> <span class='ocrx_word' id='word_1_246' title='bbox 1182 2906 1219 2949; x_wconf 93' lang='grc'>00</span> <span class='ocrx_word' id='word_1_247' title='bbox 1233 2885 1307 2972; x_wconf 91' lang='lat' dir='ltr'>ipso</span> <span class='ocrx_word' id='word_1_248' title='bbox 1321 2886 1356 2950; x_wconf 90' lang='lat' dir='ltr'>in</span> 
     </span>
     <span class='ocr_line' id='line_1_27' title="bbox 212 2983 1356 3069; baseline 0 -19"><span class='ocrx_word' id='word_1_249' title='bbox 212 2985 274 3050; x_wconf 88' lang='lat' dir='ltr'>alio</span> <span class='ocrx_word' id='word_1_250' title='bbox 289 2983 360 3052; x_wconf 92' lang='lat' dir='ltr'>loco</span> <span class='ocrx_word' id='word_1_251' title='bbox 377 2985 591 3054; x_wconf 86' lang='lat' dir='ltr'>diiudicanda</span> <span class='ocrx_word' id='word_1_252' title='bbox 607 3010 704 3052; x_wconf 89' lang='lat' dir='ltr'>usum</span> <span class='ocrx_word' id='word_1_253' title='bbox 719 3009 807 3069; x_wconf 82' lang='lat' dir='ltr'>esse,</span> <span class='ocrx_word' id='word_1_254' title='bbox 830 2989 882 3052; x_wconf 93' lang='lat' dir='ltr'>cui</span> <span class='ocrx_word' id='word_1_255' title='bbox 898 2987 1023 3052; x_wconf 92' lang='lat' dir='ltr'>dudum</span> <span class='ocrx_word' id='word_1_256' title='bbox 1042 2988 1125 3053; x_wconf 90' lang='lat' dir='ltr'>bene</span> <span class='ocrx_word' id='word_1_257' title='bbox 1147 2985 1356 3052; x_wconf 88' lang='lat' dir='ltr'>consuluerat</span> 
     </span>
     <span class='ocr_line' id='line_1_28' title="bbox 213 3086 1355 3180; baseline 0.001 -29"><span class='ocrx_word' id='word_1_258' title='bbox 213 3086 375 3180; x_wconf 83' lang='lat' dir='ltr'>Ouiacius.</span> <span class='ocrx_word' id='word_1_259' title='bbox 399 3088 548 3176; x_wconf 88' lang='lat' dir='ltr'>Namque</span> <span class='ocrx_word' id='word_1_260' title='bbox 564 3091 634 3156; x_wconf 80' lang='lat'>112</span> <span class='ocrx_word' id='word_1_261' title='bbox 650 3112 724 3154; x_wconf 91' lang='lat' dir='ltr'>cum</span> <span class='ocrx_word' id='word_1_262' title='bbox 738 3098 814 3174; x_wconf 90' lang='lat' dir='ltr'>post</span> <span class='ocrx_word' id='word_1_263' title='bbox 828 3090 935 3156; x_wconf 83' lang='lat' dir='ltr'>morbi</span> <span class='ocrx_word' id='word_1_264' title='bbox 950 3089 1067 3154; x_wconf 88' lang='lat' dir='ltr'>sontici</span> <span class='ocrx_word' id='word_1_265' title='bbox 1083 3089 1284 3176; x_wconf 85' lang='lat' dir='ltr'>aliarumque</span> <span class='ocrx_word' id='word_1_266' title='bbox 1300 3111 1355 3154; x_wconf 88' lang='lat' dir='ltr'>ex-</span> 
     </span>
     <span class='ocr_line' id='line_1_29' title="bbox 212 3185 1358 3277; baseline 0.001 -24"><span class='ocrx_word' id='word_1_267' title='bbox 212 3185 350 3254; x_wconf 86' lang='lat' dir='ltr'>cusandi</span> <span class='ocrx_word' id='word_1_268' title='bbox 363 3213 553 3256; x_wconf 81' lang='lat' dir='ltr'>caussarum</span> <span class='ocrx_word' id='word_1_269' title='bbox 569 3193 768 3258; x_wconf 90' lang='lat' dir='ltr'>mentionem</span> <span class='ocrx_word' id='word_1_270' title='bbox 785 3202 940 3277; x_wconf 89' lang='lat' dir='ltr'>sequatur</span> <span class='ocrx_word' id='word_1_271' title='bbox 954 3195 1040 3270; x_wconf 72' lang='lat' dir='ltr'>‘qaid</span> <span class='ocrx_word' id='word_1_272' title='bbox 1052 3196 1157 3254; x_wconf 81' lang='lat' dir='ltr'>bovam</span> <span class='ocrx_word' id='word_1_273' title='bbox 1173 3212 1281 3256; x_wconf 84' lang='lat' dir='ltr'>avam</span> <span class='ocrx_word' id='word_1_274' title='bbox 1294 3194 1358 3266; x_wconf 81' lang='lat' dir='ltr'>fait</span> 
     </span>
     <span class='ocr_line' id='line_1_30' title="bbox 212 3292 1354 3380; baseline 0.001 -24"><span class='ocrx_word' id='word_1_275' title='bbox 212 3297 306 3357; x_wconf 82' lang='lat' dir='ltr'>iudici</span> <span class='ocrx_word' id='word_1_276' title='bbox 325 3297 474 3358; x_wconf 76' lang='lat' dir='ltr'>arbitrove</span> <span class='ocrx_word' id='word_1_277' title='bbox 494 3314 593 3371; x_wconf 80' lang='lat' dir='ltr'>reove,</span> <span class='ocrx_word' id='word_1_278' title='bbox 619 3315 654 3358; x_wconf 90' lang='lat' dir='ltr'>ea</span> <span class='ocrx_word' id='word_1_279' title='bbox 673 3300 737 3360; x_wconf 83' lang='lat' dir='ltr'>dies</span> <span class='ocrx_word' id='word_1_280' title='bbox 752 3299 899 3372; x_wconf 80' lang='lat' dir='ltr'>diffensus</span> <span class='ocrx_word' id='word_1_281' title='bbox 913 3302 990 3358; x_wconf 83' lang='lat' dir='ltr'>esio’</span> <span class='ocrx_word' id='word_1_282' title='bbox 1013 3292 1114 3377; x_wconf 82' lang='lat' dir='ltr'>(Fest.</span> <span class='ocrx_word' id='word_1_283' title='bbox 1136 3317 1169 3380; x_wconf 88' lang='lat' dir='ltr'>p.</span> <span class='ocrx_word' id='word_1_284' title='bbox 1185 3293 1273 3378; x_wconf 80' lang='lat'><strong>273),</strong></span> <span class='ocrx_word' id='word_1_285' title='bbox 1294 3315 1354 3380; x_wconf 88' lang='lat' dir='ltr'>pro</span> 
     </span>
     <span class='ocr_line' id='line_1_31' title="bbox 213 3395 1355 3484; baseline 0.003 -28"><span class='ocrx_word' id='word_1_286' title='bbox 213 3403 328 3459; x_wconf 75' lang='lat' dir='ltr'>‘vervum’</span> <span class='ocrx_word' id='word_1_287' title='bbox 344 3395 488 3482; x_wconf 88' lang='lat' dir='ltr'>quodne</span> <span class='ocrx_word' id='word_1_288' title='bbox 504 3396 661 3484; x_wconf 85' lang='lat' dir='ltr'>explicari</span> <span class='ocrx_word' id='word_1_289' title='bbox 682 3398 816 3484; x_wconf 89' lang='lat' dir='ltr'>quidem</span> <span class='ocrx_word' id='word_1_290' title='bbox 837 3407 912 3482; x_wconf 88' lang='lat' dir='ltr'>apte</span> <span class='ocrx_word' id='word_1_291' title='bbox 928 3405 1052 3482; x_wconf 85' lang='lat' dir='ltr'>potest,</span> <span class='ocrx_word' id='word_1_292' title='bbox 1068 3395 1237 3460; x_wconf 90' lang='lat' dir='ltr'>lenissima</span> <span class='ocrx_word' id='word_1_293' title='bbox 1251 3405 1355 3461; x_wconf 88' lang='lat' dir='ltr'>muta·</span> 
     </span>
     <span class='ocr_line' id='line_1_32' title="bbox 213 3497 1355 3587; baseline 0 -27"><span class='ocrx_word' id='word_1_294' title='bbox 213 3497 302 3562; x_wconf 90' lang='lat' dir='ltr'>tione</span> <span class='ocrx_word' id='word_1_295' title='bbox 312 3497 467 3562; x_wconf 84' lang='lat' dir='ltr'>Ouiacius</span> <span class='ocrx_word' id='word_1_296' title='bbox 479 3501 567 3587; x_wconf 92' lang='lat' dir='ltr'>quod</span> <span class='ocrx_word' id='word_1_297' title='bbox 583 3499 882 3585; x_wconf 84' lang='lat' dir='ltr'>sententiaflagitat</span> <span class='ocrx_word' id='word_1_298' title='bbox 896 3499 1042 3564; x_wconf 86' lang='lat' dir='ltr'>restituit</span> <span class='ocrx_word' id='word_1_299' title='bbox 1057 3504 1222 3563; x_wconf 74' lang='lat' dir='ltr'>‘vitiam&#39;</span> <span class='ocrx_word' id='word_1_300' title='bbox 1246 3498 1355 3579; x_wconf 79' lang='lat' dir='ltr'>Quam</span> 
     </span>
     <span class='ocr_line' id='line_1_33' title="bbox 213 3599 1356 3688; baseline 0.003 -26"><span class='ocrx_word' id='word_1_301' title='bbox 213 3599 474 3666; x_wconf 88' lang='lat' dir='ltr'>emendationem</span> <span class='ocrx_word' id='word_1_302' title='bbox 488 3601 609 3668; x_wconf 85' lang='lat' dir='ltr'>Ursino</span> <span class='ocrx_word' id='word_1_303' title='bbox 624 3602 786 3674; x_wconf 87' lang='lat' dir='ltr'>immerito</span> <span class='ocrx_word' id='word_1_304' title='bbox 803 3603 948 3667; x_wconf 87' lang='lat' dir='ltr'>tribuens</span> <span class='ocrx_word' id='word_1_305' title='bbox 965 3601 1100 3688; x_wconf 78' lang='lat' dir='ltr'>sprevit,</span> <span class='ocrx_word' id='word_1_306' title='bbox 1116 3623 1182 3666; x_wconf 90' lang='lat' dir='ltr'>non</span> <span class='ocrx_word' id='word_1_307' title='bbox 1197 3601 1356 3666; x_wconf 85' lang='lat' dir='ltr'>refutavit</span> 
     </span>
     <span class='ocr_line' id='line_1_34' title="bbox 214 3699 1353 3792; baseline 0.004 -28"><span class='ocrx_word' id='word_1_308' title='bbox 214 3699 253 3764; x_wconf 88' lang='grc' dir='ltr'>Ο.</span> <span class='ocrx_word' id='word_1_309' title='bbox 268 3701 460 3787; x_wconf 86' lang='lat' dir='ltr'>Muellerus,</span> <span class='ocrx_word' id='word_1_310' title='bbox 478 3726 553 3768; x_wconf 90' lang='lat' dir='ltr'>cum</span> <span class='ocrx_word' id='word_1_311' title='bbox 568 3704 787 3792; x_wconf 78' lang='lat' dir='ltr'>praecessisse</span> <span class='ocrx_word' id='word_1_312' title='bbox 803 3705 932 3768; x_wconf 87' lang='lat' dir='ltr'>iustas</span> <span class='ocrx_word' id='word_1_313' title='bbox 954 3705 1182 3768; x_wconf 81' lang='lat' dir='ltr'>excusationes</span> <span class='ocrx_word' id='word_1_314' title='bbox 1198 3712 1353 3768; x_wconf 86' lang='lat' dir='ltr'>moneret.</span> 
     </span>
     <span class='ocr_line' id='line_1_35' title="bbox 213 3802 1355 3892; baseline 0.002 -24"><span class='ocrx_word' id='word_1_315' title='bbox 213 3805 323 3890; x_wconf 88' lang='lat' dir='ltr'>Atque</span> <span class='ocrx_word' id='word_1_316' title='bbox 338 3805 582 3871; x_wconf 87' lang='lat' dir='ltr'>observandum</span> <span class='ocrx_word' id='word_1_317' title='bbox 597 3817 646 3872; x_wconf 91' lang='lat' dir='ltr'>est</span> <span class='ocrx_word' id='word_1_318' title='bbox 666 3809 702 3872; x_wconf 89' lang='lat' dir='ltr'>in</span> <span class='ocrx_word' id='word_1_319' title='bbox 720 3806 930 3876; x_wconf 80' lang='lat' dir='ltr'>iureiurando</span> <span class='ocrx_word' id='word_1_320' title='bbox 952 3804 1087 3871; x_wconf 90' lang='lat' dir='ltr'>militari</span> <span class='ocrx_word' id='word_1_321' title='bbox 1107 3805 1195 3892; x_wconf 86' lang='lat' dir='ltr'>apud</span> <span class='ocrx_word' id='word_1_322' title='bbox 1211 3802 1355 3870; x_wconf 81' lang='lat' dir='ltr'>Gellium</span> 
     </span>
     <span class='ocr_line' id='line_1_36' title="bbox 213 3904 1356 3988; baseline 0.002 -20"><span class='ocrx_word' id='word_1_323' title='bbox 213 3904 298 3969; x_wconf 86' lang='lat' dir='ltr'>XVI</span> <span class='ocrx_word' id='word_1_324' title='bbox 312 3907 344 3988; x_wconf 82' lang='lat'>4,</span> <span class='ocrx_word' id='word_1_325' title='bbox 360 3907 382 3970; x_wconf 83' lang='lat'><strong>4</strong></span> <span class='ocrx_word' id='word_1_326' title='bbox 396 3907 477 3972; x_wconf 86' lang='lat' dir='ltr'>haec</span> <span class='ocrx_word' id='word_1_327' title='bbox 491 3909 539 3973; x_wconf 88' lang='lat' dir='ltr'>ita</span> <span class='ocrx_word' id='word_1_328' title='bbox 559 3909 655 3974; x_wconf 86' lang='lat' dir='ltr'>reddi</span> <span class='ocrx_word' id='word_1_329' title='bbox 677 3915 748 3973; x_wconf 74' lang='lat' dir='ltr'>‘visi</span> <span class='ocrx_word' id='word_1_330' title='bbox 766 3915 900 3974; x_wconf 76' lang='lat' dir='ltr'>harunce</span> <span class='ocrx_word' id='word_1_331' title='bbox 920 3931 997 3988; x_wconf 78' lang='lat' dir='ltr'>qvae</span> <span class='ocrx_word' id='word_1_332' title='bbox 1011 3928 1148 3972; x_wconf 81' lang='lat' dir='ltr'>caussa</span> <span class='ocrx_word' id='word_1_333' title='bbox 1167 3915 1241 3972; x_wconf 85' lang='lat' dir='ltr'>evii:</span> <span class='ocrx_word' id='word_1_334' title='bbox 1259 3911 1356 3984; x_wconf 83' lang='lat' dir='ltr'>favas</span> 
     </span>
     <span class='ocr_line' id='line_1_37' title="bbox 211 4011 1353 4090; baseline 0.004 -20"><span class='ocrx_word' id='word_1_335' title='bbox 211 4011 368 4084; x_wconf 74' lang='lat' dir='ltr'>familiare</span> <span class='ocrx_word' id='word_1_336' title='bbox 386 4013 524 4086; x_wconf 79' lang='lat' dir='ltr'>feriaeve</span> <span class='ocrx_word' id='word_1_337' title='bbox 545 4017 695 4076; x_wconf 80' lang='lat' dir='ltr'>denicales</span> <span class='ocrx_word' id='word_1_338' title='bbox 711 4059 718 4075; x_wconf 98' lang='lat'>.</span> <span class='ocrx_word' id='word_1_339' title='bbox 736 4059 768 4076; x_wconf 93' lang='lat'>..</span> <span class='ocrx_word' id='word_1_340' title='bbox 791 4016 910 4076; x_wconf 75' lang='lat' dir='ltr'>morbac</span> <span class='ocrx_word' id='word_1_341' title='bbox 929 4018 1056 4076; x_wconf 83' lang='lat' dir='ltr'>sonticas</span> <span class='ocrx_word' id='word_1_342' title='bbox 1077 4017 1302 4090; x_wconf 79' lang='lat' dir='ltr'>auspiciumve.</span> <span class='ocrx_word' id='word_1_343' title='bbox 1321 4059 1353 4075; x_wconf 91' lang='lat'>..</span> 
     </span>
     <span class='ocr_line' id='line_1_38' title="bbox 212 4117 1355 4198; baseline 0.002 -25"><span class='ocrx_word' id='word_1_344' title='bbox 212 4120 306 4176; x_wconf 77' lang='lat' dir='ltr'>statas</span> <span class='ocrx_word' id='word_1_345' title='bbox 320 4117 510 4198; x_wconf 79' lang='lat' dir='ltr'>scadicivsve</span> <span class='ocrx_word' id='word_1_346' title='bbox 525 4119 589 4178; x_wconf 80' lang='lat' dir='ltr'>dies</span> <span class='ocrx_word' id='word_1_347' title='bbox 604 4135 670 4179; x_wconf 86' lang='lat' dir='ltr'>cam</span> <span class='ocrx_word' id='word_1_348' title='bbox 685 4119 781 4179; x_wconf 76' lang='lat' dir='ltr'>darie:</span> <span class='ocrx_word' id='word_1_349' title='bbox 796 4122 824 4179; x_wconf 90' lang='lat' dir='ltr'>si</span> <span class='ocrx_word' id='word_1_350' title='bbox 836 4121 887 4180; x_wconf 85' lang='lat' dir='ltr'>cvi</span> <span class='ocrx_word' id='word_1_351' title='bbox 900 4134 1001 4179; x_wconf 84' lang='lat' dir='ltr'>earam</span> <span class='ocrx_word' id='word_1_352' title='bbox 1012 4119 1148 4178; x_wconf 78' lang='lat' dir='ltr'>harunce</span> <span class='ocrx_word' id='word_1_353' title='bbox 1158 4133 1235 4190; x_wconf 83' lang='lat' dir='ltr'>qaae</span> <span class='ocrx_word' id='word_1_354' title='bbox 1246 4133 1355 4178; x_wconf 83' lang='lat' dir='ltr'>caussa</span> 
     </span>
     <span class='ocr_line' id='line_1_39' title="bbox 212 4214 1357 4305; baseline 0.002 -29"><span class='ocrx_word' id='word_1_355' title='bbox 212 4219 283 4287; x_wconf 82' lang='lat' dir='ltr'>evii,</span> <span class='ocrx_word' id='word_1_356' title='bbox 300 4224 360 4278; x_wconf 84' lang='lat' dir='ltr'>iam</span> <span class='ocrx_word' id='word_1_357' title='bbox 378 4263 384 4277; x_wconf 93' lang='lat'>.</span> <span class='ocrx_word' id='word_1_358' title='bbox 402 4262 411 4279; x_wconf 90' lang='lat'>.</span> <span class='ocrx_word' id='word_1_359' title='bbox 429 4222 450 4278; x_wconf 89' lang='lat'>.&#39;</span> <span class='ocrx_word' id='word_1_360' title='bbox 465 4237 599 4303; x_wconf 88' lang='lat' dir='ltr'>prorsus</span> <span class='ocrx_word' id='word_1_361' title='bbox 615 4226 653 4282; x_wconf 87' lang='grc'>111</span> <span class='ocrx_word' id='word_1_362' title='bbox 666 4217 764 4281; x_wconf 85' lang='grc' dir='ltr'><strong>Α1101.</strong></span> <span class='ocrx_word' id='word_1_363' title='bbox 786 4217 829 4282; x_wconf 88' lang='lat' dir='ltr'>ad</span> <span class='ocrx_word' id='word_1_364' title='bbox 844 4217 989 4282; x_wconf 90' lang='lat' dir='ltr'>Herenn.</span> <span class='ocrx_word' id='word_1_365' title='bbox 1007 4216 1122 4305; x_wconf 85' lang='lat' dir='ltr'>scribit</span> <span class='ocrx_word' id='word_1_366' title='bbox 1135 4214 1170 4278; x_wconf 85' lang='grc' dir='ltr'>ΙΙ</span> <span class='ocrx_word' id='word_1_367' title='bbox 1189 4215 1244 4296; x_wconf 85' lang='grc'>13,</span> <span class='ocrx_word' id='word_1_368' title='bbox 1260 4214 1303 4278; x_wconf 77' lang='lat'>20</span> <span class='ocrx_word' id='word_1_369' title='bbox 1318 4223 1357 4278; x_wconf 66' lang='lat' dir='ltr'>‘ei</span> 
     </span>
     <span class='ocr_line' id='line_1_40' title="bbox 212 4317 1358 4405; baseline -0.001 -23"><span class='ocrx_word' id='word_1_370' title='bbox 212 4323 263 4382; x_wconf 85' lang='lat' dir='ltr'>vai</span> <span class='ocrx_word' id='word_1_371' title='bbox 276 4322 394 4380; x_wconf 80' lang='lat' dir='ltr'>marias</span> <span class='ocrx_word' id='word_1_372' title='bbox 408 4339 523 4382; x_wconf 85' lang='lat' dir='ltr'>caasa</span> <span class='ocrx_word' id='word_1_373' title='bbox 539 4325 608 4399; x_wconf 74' lang='grc' dir='ltr'><strong>θεῖ’,</strong></span> <span class='ocrx_word' id='word_1_374' title='bbox 623 4319 702 4382; x_wconf 90' lang='lat' dir='ltr'>item</span> <span class='ocrx_word' id='word_1_375' title='bbox 718 4318 832 4384; x_wconf 78' lang='lat' dir='ltr'>Cicero</span> <span class='ocrx_word' id='word_1_376' title='bbox 848 4318 889 4384; x_wconf 89' lang='lat' dir='ltr'>de</span> <span class='ocrx_word' id='word_1_377' title='bbox 904 4317 968 4405; x_wconf 84' lang='lat' dir='ltr'>leg.</span> <span class='ocrx_word' id='word_1_378' title='bbox 985 4317 1085 4403; x_wconf 79' lang='lat'><em>1114,</em></span> <span class='ocrx_word' id='word_1_379' title='bbox 1104 4320 1141 4383; x_wconf 90' lang='grc'>11</span> <span class='ocrx_word' id='word_1_380' title='bbox 1160 4323 1291 4380; x_wconf 70' lang='lat' dir='ltr'>‘senator</span> <span class='ocrx_word' id='word_1_381' title='bbox 1306 4325 1358 4396; x_wconf 78' lang='lat' dir='ltr'>qai</span> 
     </span>
    </p>
   </div>
   <div class='ocr_carea' id='block_1_3' title="bbox 0 0 1646 4970">
    <p class='ocr_par' dir='ltr' id='par_1_3' title="bbox 0 0 1646 4970">
     <span class='ocr_line' id='line_1_41' title="bbox 0 0 1646 4970; baseline 0 0"><span class='ocrx_word' id='word_1_382' title='bbox 0 0 1646 4970; x_wconf 95' lang='lat' dir='ltr'> </span> 
     </span>
    </p>
   </div>
  </div>
 </body>
</html>
