3282 4970
695 261 832 310 rssvm
854 251 1371 317 v11.137

219 421 264 498 jet
286 414 472 494 semissem,
496 414 590 500 quasi
613 415 709 480 semis
733 416 878 513 tertius.
933 416 1176 484 netlexotiam
1199 419 1373 485 duodecim

230 514 418 580 tabularum
433 526 705 600 argumento,
642 527 691 582 est
729 509 762 582 in
777 541 843 607 qua
858 466 921 585 dub
933 467 1039 606 'pedes
1055 528 1087 583 et
1102 521 1217 586 semis
1222 531 1371 588 εθεῖθι·

119 681 147 700 ,,
230 617 313 685 tius
336 641 403 708 pes
426 624 591 685 uocatur!

326 769 329 774 .
783 724 814 786 2.

235 853 236 858 ·
314 823 421 888 Gaius
442 823 463 889 l.
488 823 536 889 IV
558 823 601 888 ad
628 825 734 909 legem
756 825 827 889 XII
848 825 1044 891 tabularum.
1089 827 1371 910 Dig.10,1‚13

230 925 289 1012 (id.
312 926 346 991 in
369 928 467 991 Auct.
491 925 546 990 fin.
569 926 706 1012 regund.
728 950 761 1013 p.
777 926 839 992 278
862 927 1024 1013 Lachm.).
1052 913 1241 994 ‘Sciendum
1264 937 1315 994 est
1336 931 1371 994 in

168 1015 169 1020 ί
230 1027 357 1092 actione
382 1027 495 1092 finium
517 1029 736 1146 regundorum
757 1028 839 1095 illud
860 1030 1104 1096 obseruandum
1127 1032 1307 1118 essequod
1329 1033 1372 1098 ad
1448 1024 1451 1038 ’

159 1169 164 1178 ·
229 1129 413 1214 exemplum
429 1129 676 1217 quodammodo
701 1132 770 1195 eius
791 1129 874 1218 legis
898 1132 1056 1218 scriptum
1078 1141 1129 1198 est
1151 1155 1250 1220 quam
1270 1133 1370 1199 Athe-

178 1297 179 1300 ,
228 1230 279 1295 nis
302 1231 453 1296 Solonem
476 1231 597 1314 dicitur
619 1231 749 1298 tulisse:
778 1254 854 1297 nam
876 1233 975 1299 illic'
966 1244 1013 1298 rta
1034 1243 1098 1300 est:
1124 1235 1181 1302 ἐάν
1208 1255 1254 1301 τι(
1282 1236 1371 1316 αἱμα·
1437 1305 1438 1312 ¹

229 1333 308 1399 τιὰν
319 1354 384 1413 παρ
391 1319 575 1420 ἀλλοτρίῳ
598 1335 707 1420 χωρίῳ
731 1335 832 1421 ὀρύγῃ
856 1335 891 1418 (l.
908 1335 1050 1422 ὀρύττῃ),
1073 1337 1132 1402 τὸν
1149 1337 1230 1418 ὅρον
1247 1339 1288 1418 μὴ
1311 1359 1371 1403 πα

29 1441 32 1453 ’
125 1441 128 1446 ’
229 1429 404 1516 ραβαίνειν·
432 1437 490 1503 ἐὰν
518 1438 581 1520 (δὲ)
599 1437 743 1517 τειχίον,
766 1437 853 1502 πόδα
880 1437 1081 1505 ἀπολείπειν·
1106 1439 1162 1504 ἐὰν
1185 1441 1222 1510 δὲ,
1244 1439 1369 1520 οἴκημα,

227 1537 286 1602 δύο
320 1538 438 1604 πόδαε·
465 1538 523 1604 ἐὰν
552 1541 587 1604 δὲ
614 1540 743 1620 τάφρον
773 1540 895 1621 (τάφον
916 1541 1014 1624 Flor.)
1042 1543 1062 1620 ἢ
1093 1542 1211 1622 βόθρον
1240 1541 1370 1628 ὀρύττῃ,

227 1639 305 1706 ὅτον
326 1640 364 1706 τό
389 1641 486 1720 βάθος
508 1641 527 1719 ἢ
547 1645 704 1706 τοεοῦτον
721 1642 923 1707 ἀπολείπειν·
945 1643 1002 1709 ἐὰν
1024 1644 1060 1708 δ“ε
1083 1645 1201 1725 φρέαρ,
1221 1644 1370 1723 ὀργυιάν·

226 1741 337 1808 ἐλαίαν
359 1743 395 1807 δὲ
418 1745 467 1806 καὶ
490 1740 584 1822 εοκῆν
607 1742 704 1808 ἐννέα
725 1743 829 1809 πόδα(
852 1743 918 1810 ἀπὸ
941 1743 1187 1826 Ιτοίλάλλοτρίου
1203 1747 1369 1828 φυτεύειν·

226 1844 266 1910 τὰ
288 1846 324 1910 δὲ
345 1843 427 1908 ἄλλα
449 1845 569 1924 δένδρα
590 1845 687 1910 πέντε
710 1846 839 1911 πόδατ.)

779 1948 810 2012 3·
864 1999 867 2008 .
952 1963 956 1970 .

311 2050 340 2113 1.
364 2047 490 2113 Plinius
513 2047 557 2112 H.
580 2047 622 2114 N.
644 2047 736 2141 XIX
756 2049 809 2130 19,
831 2048 883 2114 50.
909 2049 962 2132 ‘In
985 2049 1302 2119 duodecimtabulis
1325 2056 1368 2120 le·

157 2216 169 2237 .
224 2172 301 2234 gum
323 2159 510 2215 nostrarum
531 2172 693 2266 nusquam
714 2152 902 2216 nominatur
924 2151 1019 2216 uilla:
1049 2175 1179 2239 semper
1205 2154 1240 2218 in
1268 2156 1367 2242 signi·

224 2251 312 2317 ficat
289 2262 378 2317 t1one
400 2272 439 2317 ea
460 2252 550 2317 hort
536 2260 616 2332 tus,
620 2253 675 2316 in
696 2252 782 2319 horti
804 2275 882 2318 uero
904 2253 1137 2321 heredium?

308 2353 339 2417 2.
362 2331 536 2442 Festusp
559 2353 622 2420 355
644 2354 689 2419 M.
713 2357 895 2434 ‘sacaria
922 2378 942 2420 a
965 2363 1051 2422 tecto
1017 2357 1248 2443 appellen
1248 2381 1287 2423 ur
1309 2354 1367 2424 do-

178 2486 186 2492 ·
224 2462 336 2521 micib'a
350 2463 529 2523 rusticorum
550 2455 684 2521 sordida
707 2504 876 2523 ......
900 2480 962 2544 quo
985 2457 1117 2524 nomine
1141 2507 1313 2526 ......
1336 2471 1378 2552 ic)

223 2558 449 2640 θαρίῖαααίοιιθ
471 2556 542 2623 XII
565 2557 611 2622 ait
632 2558 731 2623 etiam
755 2610 762 2627 .
788 2609 794 2622 .
882 2572 891 2622 ·.
915 2607 924 2623 .
949 2607 956 2622 .
981 2608 989 2623 .
1010 2607 1023 2624 .
1045 2563 1254 2638 siccisicari?

227 2819 229 2828 .
259 2839 260 2844 γ
309 2753 421 2828 Οίοθιο
444 2761 486 2826 de
506 2761 572 2846 leg.
587 2762 605 2827 I
620 2761 678 2843 21,
701 2761 753 2827 55.
782 2759 849 2828 ‘Ex
870 2762 932 2848 hac
955 2765 1065 2830 autem
1088 2786 1154 2830 non
1176 2788 1286 2832 rerum
1310 2769 1368 2834 sed

223 2865 400 2932 uerborum
422 2863 589 2930 discordia
612 2865 836 2928 controuersia
856 2875 907 2930 θεῖ
928 2876 1008 2931 nata
1030 2866 1071 2931 de
1093 2866 1229 2934 finibus:
1253 2863 1368 2956 inqua

223 2967 375 3052 quoniam
413 2989 509 3030 usus
552 2965 758 3050 cepionem
801 2964 1013 3031 duodecim
1053 2968 1216 3034 tabulae
1259 2972 1368 3037 intra

223 3068 399 3155 quinque
421 3067 542 3154 pedes
566 3089 654 3132 esse
675 3065 892 3132 noluerunt
915 3068 1189 3154 (uoluerintlibrc,
1212 3092 1292 3136 corr.
1309 3079 1366 3136 At-

222 3171 331 3257 ciatas)
355 3169 490 3256 depasci
512 3177 657 3234 ueterem
678 3168 917 3254 possessionem
933 3169 1120 3242 academiae
1135 3171 1177 3236 ab
1192 3171 1255 3238 hcc
1270 3167 1365 3240 acuto

222 3271 353 3338 homine
379 3294 445 3336 non
467 3271 628 3353 sinemuS,
651 3292 711 3336 nec
732 3269 883 3336 Mamilia
904 3271 977 3356 lege
1005 3272 1143 3358 singuli,
1173 3275 1231 3340 sed
1254 3298 1272 3340 e
1295 3275 1365 3340 XII

222 3385 289 3441 tres
312 3372 428 3438 arbitri
447 3373 523 3438 finis
537 3379 713 3458 regemus?
750 3371 800 3437 cf.
817 3377 957 3438 accacius
973 3375 1053 3438 Obss.
1076 3379 1163 3440 Ver.
1186 3381 1366 3456 Budorffias

221 3483 252 3540 ic
267 3481 378 3539 Ααιιαλ
393 3480 495 3538 scient.
512 3480 571 3539 iar.
587 3479 689 3538 histor.
705 3478 742 3538 X
751 3495 784 3554 ρ.
801 3485 874 3538 345.

220 3632 313 3683 dinem
335 3630 408 3682 idem
430 3630 501 3696 quod
520 3623 696 3684 aedificium)
733 3647 759 3697 p.
780 3632 811 3682 16
829 3631 866 3686 Μ,
886 3630 1022 3683 ‘Ambitus
1044 3635 1153 3699 proprie
1172 3634 1275 3689 dicitur
1292 3631 1365 3693 inter

215 3715 372 3768 'uicinorum
391 3714 518 3766 aedificia
536 3716 615 3767 locus
638 3715 751 3766 duorum
773 3715 873 3782 pedum
898 3721 926 3768 et
947 3718 1095 3785 semipedis
1118 3719 1154 3769 ad
1177 3721 1366 3772 circumeundi

220 3799 384 3853 facultatem
402 3800 524 3853 relictus.
545 3798 594 3864 (id.
613 3800 711 3852 Isidcr.
730 3800 778 3856 Or.
794 3801 845 3855 XV
864 3803 904 3864 16,
925 3801 994 3868 12.)’

287 3889 312 3948 3,
333 3886 356 3935 1.
374 3884 480 3936 Paulus
497 3886 564 3936 Exc.
585 3901 619 3936 ex
636 3887 720 3937 Festo
738 3903 765 3951 p.
780 3886 828 3948 loa
846 3887 883 3941 M.
904 3889 1019 3938 ‘Hortus
1039 3889 1111 3954 apud
1130 3889 1257 3953 antiquos
1276 3893 1363 3944 omnis

220 3970 291 4022 uilla
309 3969 465 4034 dicebatur,
484 3969 614 4035 quodibi
633 3971 679 4035 qui
698 3987 774 4022 arma
793 3987 893 4037 capere
911 3973 1019 4038 possint
1036 3974 1193 4024 orirentur.’
1230 3973 1265 4024 cf.
1285 3991 1311 4040 p.
1330 3978 1363 4026 99

176 4049 178 4052 ’
218 4055 380 4106 ‘Heredium
398 4055 541 4120 praedium
560 4056 726 4121 paruulum)
773 4055 805 4107 ’2.
824 4057 992 4123 Pomponius
1009 4057 1028 4106 l.
1047 4058 1150 4109 XXXV
1169 4057 1204 4118 ad
1222 4058 1363 4113 Sabinum.

218 4141 282 4206 Dig.
302 4142 344 4203 50,
363 4141 405 4204 16,
424 4142 473 4192 180
491 4141 618 4207 ‘Tugurii
641 4141 830 4206 appellatione
854 4157 932 4193 omne
956 4141 1126 4206 aedificium,
1142 4143 1218 4208 ¹quod
1241 4143 1362 4212 rusticae

217 4224 306 4290 magis
326 4224 467 4275 custodiae
486 4225 616 4276 conuenit
635 4241 715 4290 quam
733 4227 846 4276 urbanis
865 4227 979 4277 aedibus
998 4226 1190 4293 significatur.’
1216 4228 1253 4279 cf.
1265 4227 1362 4280 Isidor.

219 4308 336 4360 ccxv
356 4312 394 4374 12,
415 4312 439 4360 2.
