3282 4992
356 314 403 361 DE
425 313 620 364 vnrnsslssvs
643 313 694 362 Xll
717 312 930 364 TABVLARVM
952 315 1239 368 ls'rnltssltnrtuvs·
1326 301 1368 368 25

199 459 200 462 ¹
223 469 335 554 opinio
355 478 405 533 est
426 490 498 540 eam
519 469 704 536 continuam
720 467 972 556 explicationem
987 469 1092 536 fuisse
1106 471 1254 559 inprimis
1270 493 1366 540 voca-

221 570 373 638 bulorum
387 571 646 638 inveteratorum
661 558 999 658 cbscuriorum'queuz
1015 573 1051 637 in
1066 595 1129 660 quo
1144 574 1367 640 Mommsenus

224 674 281 759 (H.
297 674 336 739 R.
352 675 370 738 l
385 695 417 758 p.
434 673 510 762 913)
533 673 676 739 affirmat
695 675 761 740 iam
776 673 981 740 Graecorum
995 677 1229 760 grammaticae
1245 675 1366 742 studio-

222 799 295 842 rum
320 775 485 864 quandam
509 776 578 844 vim
593 776 744 863 perspici.
781 773 847 842 Sed
869 799 908 842 ea
929 777 1038 864 opinio
1059 799 1124 843 non
1145 777 1275 844 aliunde
1290 788 1369 844 nata

223 870 295 944 esse
310 877 443 944 videtur
457 879 522 946 nisi
538 900 579 944 ex
595 879 640 943 eis
656 901 739 966 quae
755 878 795 944 de
809 879 901 945 vocis
918 886 1031 943 ‘lessus’
1048 881 1180 947 notione
1192 903 1212 946 a
1223 881 1257 947 S.
1271 879 1366 946 Aelio

223 981 385 1049 nonsatis
402 981 558 1067 expedita
574 980 688 1046 Cicero
703 982 841 1047 rettulit:
860 1003 932 1046 cum
948 1004 1040 1049 secus
1056 1005 1126 1073 rem
1138 984 1243 1070 accipi
1254 982 1368 1049 iubeat

222 1085 295 1172 ipse
309 1083 483 1169 Pomponii
503 1084 605 1148 locus.
645 1084 678 1149 Is
701 1084 788 1150 enim
810 1105 884 1148 oum
905 1083 993 1150 dicat
1013 1085 1185 1172 tripertitis
1208 1086 1367 1151 contineri

223 1185 346 1271 legem,
368 1165 687 1272 interpretationem,
708 1185 790 1271 legis
807 1187 986 1270 actionem,
1007 1188 1072 1254 tria
1084 1186 1143 1252 illa
1156 1189 1229 1266 iura
1242 1186 1366 1252 intelle·

222 1289 287 1373 git,
304 1288 345 1354 de
361 1286 479 1374 quibus
496 1288 538 1354 ah
553 1288 646 1354 initio
663 1298 862 1375 exposuerat
876 1293 896 1372 ξ
911 1289 1012 1372 4-6,
1028 1289 1086 1356 ubi
1102 1312 1144 1355 ex
1160 1291 1231 1355 XII
1246 1288 1367 1356 tabulis

222 1390 322 1456 fluere
344 1390 492 1476 coepisse
512 1399 544 1456 et
564 1393 615 1458 ius
639 1389 735 1458 civile
749 1393 771 1456 i.
789 1414 816 1456 e.
842 1391 1101 1478 prudentium
1120 1395 1368 1480 interpreta—
1414 1449 1421 1464 ,
1449 1438 1456 1452 .

223 1493 373 1558 tionem
386 1493 670 1579 necessariamque
685 1493 749 1559 fori
765 1492 1040 1580 disputationem,
1064 1504 1097 1563 et
1117 1494 1200 1580 legis
1223 1495 1367 1560 actiones

169 1603 172 1609 '
223 1595 335 1662 docuit
351 1595 396 1680 (ξ.
412 1595 441 1659 6.
462 1594 508 1681 8).
543 1596 653 1682 Atque
676 1595 711 1660 id
732 1596 842 1684 ipsum
863 1604 990 1682 spectat
1010 1597 1098 1682 quod
1119 1595 1214 1662 addit
1234 1619 1308 1662 eum
1330 1597 1368 1662 li·

221 1698 318 1764 brum
334 1695 437 1764 veluti
452 1696 616 1763 cunabula
630 1698 712 1762 iuris
728 1700 903 1764 continere.
924 1699 1080 1771 Forensis
1095 1700 1197 1784 igitur
1212 1698 1286 1782 fuit,
1303 1722 1369 1766 non

222 1786 440 1886 grammatica
454 1800 697 1886 interpretatio:
714 1823 797 1888 quae
813 1823 1010 1890 quamquam
1024 1803 1060 1866 in
1075 1802 1277 1887 singularum
1292 1823 1373 1890 quo.

224 1925 286 1990 que
301 1923 421 1967 vocum
436 1902 711 1990 significationem
728 1904 892 1992 inquirere
908 1903 986 1970 data
998 1906 1168 1971 occasione
1179 1927 1246 1970 non
1258 1926 1369 1991 super-

189 2071 191 2075 ,
223 2005 323 2087 sedit,
350 2014 460 2070 tamen
479 2006 515 2069 in
534 2004 827 2073 iureconsultorum
849 2008 1042 2074 auctoritate
1067 2006 1279 2094 proponenda
1299 2015 1370 2073 tota

124 2180 126 2184 ,
222 2107 429 2174 versabatur.
460 2107 615 2194 Sequitur
641 2118 751 2175 antem
777 2132 818 2174 ex
843 2109 905 2173 hac
934 2110 1041 2196 operis
1066 2121 1160 2196 parte
1181 2126 1369 2196 eaquoque

224 2212 397 2298 desumpta
412 2233 484 2275 esse
499 2233 583 2296 quse
597 2211 731 2298 propria
746 2211 842 2276 Aelio
858 2234 878 2276 a
893 2211 1060 2277 veteribus
1077 2221 1315 2290 memorantur:
1333 2219 1370 2276 ut

223 2309 328 2402 quam
347 2312 503 2381 Cicerone
530 2322 614 2379 teste
642 2315 898 2379 controversiam
924 2313 1027 2380 movit
1049 2312 1106 2398 (ad
1127 2313 1206 2378 fam.
1223 2311 1292 2377 Vll
1311 2312 1367 2396 22)

224 2425 372 2497 ‘possetne
386 2420 472 2481 heres
487 2421 568 2496 qaod
578 2421 697 2494 sartam
713 2427 801 2482 antee
814 2421 932 2494 foetum
947 2426 1034 2490 esset,
1057 2426 1137 2481 reete
1154 2420 1236 2493 sorti
1254 2423 1368 2494 opere?

209 2527 283 2584 'aut
308 2519 396 2606 quod
422 2522 480 2583 ‘tas
505 2540 620 2599 quoque
645 2529 674 2584 et
697 2539 798 2584 cereos
825 2525 856 2584 ia
878 2523 1066 2584 domesticam
1089 2539 1174 2584 asum
1194 2527 1319 2598 paratos
1338 2523 1378 2580 ire

219 2643 320 2702 penu
340 2642 403 2686 esse
422 2627 543 2702 sempsit
565 2620 707 2706 (Gellius
723 2619 773 2686 IV
791 2623 819 2704 1,
836 2618 887 2686 20.
911 2621 990 2706 Dig.
1006 2621 1064 2703 33,
1081 2622 1118 2703 9,
1134 2621 1169 2700 3,
1187 2624 1217 2703 ξ.
1235 2621 1285 2706 9),
1312 2627 1369 2684 aut

224 2727 334 2804 ‘siper
356 2736 515 2804 emptore-m
534 2733 646 2794 steterit
663 2731 818 2804 quominus
839 2731 867 2788 et
892 2729 1073 2805 mancipem
1101 2727 1287 2804 traderetur,
1311 2742 1370 2802 pro

224 2830 347 2892 ciboriis
367 2848 426 2907 per
456 2831 602 2892 arbitram
632 2831 853 2892 indemnitatem
880 2847 967 2906 posse
995 2833 1128 2891 servari’
1161 2825 1369 2892 confirmavit

224 2929 283 3016 (D.
302 2930 352 3013 19,
371 2931 400 3012 1,
416 2929 512 3016 38).²)

307 3033 359 3096 De
389 3030 491 3096 altero
521 3031 579 3119 qui
604 3031 641 3097 S.'
664 3031 759 3096 Aelio
787 3055 807 3095 s
832 3033 991 3098 Cicerone
1017 3032 1165 3116 iungitur
1191 3031 1369 3116 interprete

223 3136 262 3200 L.
279 3133 412 3200 Acilio
428 3155 494 3199 non
510 3135 590 3198 satis
606 3157 647 3198 ne
662 3134 703 3198 dc
718 3134 789 3220 ipso
807 3133 939 3220 quidem
954 3132 1084 3198 nomine
1100 3142 1243 3198 constat:
1269 3142 1366 3220 quem

222 3238 259 3302 P.
282 3236 454 3304 Atilium
480 3235 622 3322 appellet
642 3236 842 3322 Pomponius
863 3236 885 3298 l.
907 3235 928 3300 l.
952 3237 982 3316 ξ.
1000 3235 1053 3298 38.
1082 3235 1205 3298 Verum
1227 3256 1301 3299 cum
1326 3237 1368 3300 ab

163 3351 170 3361 ‘
221 3338 284 3404 hoo
299 3347 433 3404 auctore
448 3337 483 3402 in
497 3338 709 3425 praenomine
720 3348 869 3403 erratum
885 3359 957 3402 esse
972 3357 1065 3402 nemo
1080 3346 1191 3422 neget,
1204 3359 1248 3402 ne
1264 3337 1365 3402 nomi-

222 3443 273 3506 nis
288 3440 422 3528 quidem
437 3439 577 3507 formam
591 3449 680 3506 recte
695 3442 849 3506 existimo
866 3464 886 3505 a
900 3436 1065 3526 plerisque
1081 3449 1113 3506 et
1128 3440 1209 3504 iuris
1231 3439 1366 3524 scripto-

222 3545 314 3610 ribus
331 3552 364 3608 et
379 3542 544 3608 Ciceronis
561 3542 744 3608 editoribus
751 3543 778 3629 ³)
801 3543 963 3608 constanti
984 3542 1114 3609 duobus
1137 3541 1216 3607 locis
1234 3541 1289 3626 (de
1303 3539 1368 3625 leg.

134 3641 136 3645 ’
223 3645 260 3711 II
273 3646 326 3729 23,
341 3646 394 3711 59.
418 3645 509 3711 Lael.
525 3645 557 3727 2,
572 3645 607 3734 6)
624 3635 774 3710 codicum
787 3645 1077 3710 Ciceronianorum
1089 3644 1265 3709 memoriae
1276 3665 1368 3728 prae·

223 3749 313 3813 ferri.
346 3749 524 3814 Praeterea
543 3747 605 3814 hoc
625 3759 753 3814 tantum
775 3747 992 3834 comperimus
1009 3746 1200 3834 ‘Sapientis’
1218 3766 1292 3809 eum
1313 3765 1364 3810 oo·

223 3852 375 3936 gnomine
391 3860 544 3919 ornatum
559 3873 631 3916 esse
647 3856 731 3929 ‘quta
746 3854 882 3928 prodens
898 3870 961 3916 esse
976 3855 1006 3914 to
1022 3855 1088 3914 iure
1102 3853 1185 3914 civiti
1195 3854 1366 3928 patoretur’

292 4125 312 4191 ¹)
332 4127 368 4190 cf.
386 4128 547 4180 Vaassenus
564 4127 652 4176 Anim.
672 4126 706 4177 ad
725 4127 791 4178 fast.
809 4141 875 4178 rom.
895 4129 922 4194 p'.
941 4127 990 4177 222
1011 4126 1047 4178 al.

290 4210 313 4277 ²)
331 4212 416 4278 Fugit
433 4211 479 4262 hic
497 4212 576 4264 locus
594 4229 641 4265 sos
660 4213 706 4277 qni
725 4211 753 4267 S.
772 4211 845 4264 Aelii
862 4211 987 4277 reliquiis
1007 4209 1172 4278 colligendis
1192 4225 1303 4275 operam
1322 4208 1367 4259 de·

223 4297 330 4349 derunt.
665 4358 669 4362 .

270 4381 315 4448 .⁸)
336 4383 418 4433 etiam
439 4383 551 4436 Osanno
571 4383 606 4434 ad
623 4384 801 4448 Pomponium
822 4384 839 4434 l.
858 4383 879 4439 l.
