3282 4992
269 297 310 360 10
602 385 610 388 .
699 312 812 372 osrvr
833 313 981 362 raruvu.

267 465 389 532 illustri
404 467 562 552 magistro
584 466 764 553 discipulus
786 466 946 532 illustrior
960 465 1006 532 M.
1024 466 1199 531 Terentius
1215 466 1369 552 Varro¹)-,
1395 492 1415 532 a

268 591 332 655 quo
356 567 440 633 banc
461 590 590 656 quoque
613 569 812 656 disciplinae
829 578 957 657 partem
978 569 1116 634 mirifice
1136 579 1268 634 auctam
1286 593 1362 635 esse
1383 581 1416 636 et
1443 561 1446 566 ¹

268 669 522 736 consentaneum
543 678 594 736 est
615 679 648 736 et
668 693 711 736 ex
731 670 823 738 libris
845 671 915 736 eius
937 670 1018 736 satis
1040 679 1184 754 constat3
1210 673 1316 737 secuti
1339 681 1416 738 sunt

267 771 325 837 alii
341 771 523 860 complures
539 795 643 859 usque
658 773 707 837 ed
717 773 862 860 Augusti
877 781 1020 838 aetatem
1027 773 1054 858 ²)
1063 821 1073 855 ,
1098 783 1136 838 ut
1156 772 1291 839 Servius
1308 773 1416 860 Sulpi-

269 873 339 939 cius
365 874 489 956 Rufus,
518 874 558 940 L.
586 873 735 956 Cincius,
765 874 919 942 Aurelius
947 873 1095 962 Opilius,
1125 875 1258 940 Sinnius
1286 875 1418 963 Capito,-

267 977 385 1044 Ateius
402 977 520 1062 Capito
529 1026 539 1059 ,
561 977 726 1044 Antistius
741 976 871 1059 Labeo,
887 975 1001 1042 Aelius
1018 975 1135 1043 Gallus
1144 1025 1153 1059 ,
1169 977 1307 1042 Verrius
1323 979 1416 1044 Flac·

269 1100 327 1143 cus
335 1127 344 1162 ,
361 1078 419 1144 alii
437 1117 471 1128 -
491 1102 572 1166 quos
588 1079 761 1167 plerosque
775 1101 841 1144 nen
856 1079 981 1145 minore
996 1080 1068 1146 iure
1079 1080 1302 1164 grammaticis
1315 1079 1416 1145 adnu-

270 1203 375 1247 meres
399 1191 497 1269 atque
518 1181 783 1266 iureconsultis³)
802 1205 855 1246 -:
883 1180 938 1268 qui
958 1204 1018 1269 pro
1040 1193 1074 1246 se
1095 1183 1232 1270 quisque
1255 1181 1417 1247 etiamad

268 1281 351 1368 legis
372 1284 542 1350 scientiam
562 1285 693 1373 penitus
715 1282 929 1350 hauriendam
951 1282 1077 1370 aliquid
1098 1281 1315 1350 contulerunt.
1352 1281 1418 1372 Sed

188 1405 190 1408 ·
273 1385 316 1450 ab
340 1386 406 1468 eis,
434 1386 491 1474 qui
511 1387 640 1452 omnino
662 1386 697 1452 in
718 1385 826 1472 legem
846 1385 1103 1472 inquisiverunt,
1128 1395 1281 1452 accurate
1297 1384 1416 1452 discer-

162 1550 164 1554 ,
273 1486 374 1552 nendi
390 1499 475 1570 sunt,
502 1491 558 1576 qui
574 1489 686 1554 dedita
702 1509 802 1574 opera
818 1510 890 1554 eam
906 1489 1150 1554 commentariis
1174 1489 1416 1552 instruxerunt:

269 1589 358 1675 quod
377 1589 554 1656 discrimen
577 1613 675 1678 saepe
699 1612 816 1676 parurn
838 1591 1049 1656 observatum
1075 1590 1162 1659 infra
1186 1588 1416 1670 illustrabitur,

271 1690 331 1758 ubi
346 1691 386 1758 de
401 1693 483 1777 ipsis
499 1694 570 1760 XII
585 1692 771 1759 tabularum
784 1691 1021 1778 interpretibus
1037 1693 1133 1778 plura
1148 1714 1321 1779 exponam.

356 1794 500 1860 Istorum
508 1819 585 1862 vero
593 1794 881 1882 grammaticorum
893 1815 1013 1880 operae
1023 1817 1062 1860 ac
1075 1793 1235 1861 beneficio
1245 1801 1419 1879 acceptum

271 1895 478 1962 referendum
495 1909 557 1979 est,
573 1897 661 1986 quod
676 1919 741 1962 non
756 1896 862 1961 solum
877 1895 1037 1984 quidquid
1052 1897 1153 1984 prisci
1168 1895 1287 1964 coloris
1301 1897 1337 1960 in
1347 1894 1421 1980 lege

271 1997 443 2064 etiamtum
460 1999 634 2066 resederat
655 2007 886 2065 conservatum
902 2008 952 2063 est
966 1997 1135 2084 multaque
1151 1996 1319 2063 intellectu
1334 1995 1420 2061 difli-

273 2097 387 2165 ciliora
401 2101 485 2168 bene
501 2101 657 2183 enodata,
681 2101 739 2166 sed
763 2101 852 2187 quod
867 2099 1000 2166 omnino
1016 2099 1198 2186 deperditis
1214 2098 1296 2184 legIs
1313 2120 1419 2163 exem·

271 2201 421 2290 pluribus
445 2203 570 2292 aliquot
595 2201 713 2270 saltem
738 2203 924 2288 fragmenta
948 2212 1062 2268 nostra
1092 2200 1224 2266 saecula
1250 2199 1448 2274 viderunt.¹

272 2304 358 2370 Nam
384 2315 544 2394 quotquot
568 2329 654 2373 nunc
684 2315 862 2391 supersunt
886 2303 958 2370 XII
980 2303 1169 2372 tabularum
1198 2303 1302 2368 verba
1332 2300 1421 2388 apud

274 2407 450 2493 scriptores
466 2417 594 2474 veteres
610 2407 664 2472 bic
678 2407 747 2472 illic
760 2405 943 2487 recondita,
959 2428 998 2470 ea
1010 2405 1052 2471 ab
1064 2403 1298 2492 illIspleraque
1310 2405 1422 2473 omnia

272 2506 469 2576 descendere
491 2511 608 2598 quovis
629 2510 767 2596 pignore
788 2507 1025 2574 contenderim.
1053 2505 1151 2598 Quod
1171 2507 1257 2571 utin
1273 2505 1421 2592 reliquiis

272 2609 363 2696 apud
377 2610 513 2676 Festum
528 2611 659 2678 traditis
676 2619 792 2697 sponte
807 2608 930 2703 elucet,
951 2609 998 2674 ita
1018 2609 1108 2676 cadit
1130 2610 1229 2674 etiam
1245 2608 1281 2674 in
1293 2618 1419 2676 ceteras

272 2711 326 2778 vel
346 2713 435 2799 apud
456 2712 619 2781 litteratos
637 2712 789 2778 'homines
815 2721 852 2778 ut
870 2709 1015 2776 Plinium
1030 2709 1174 2779 Gellium
1195 2709 1346 2777 Servium
1368 2706 1421 2774 vel

273 2806 361 2900 apud
375 2815 614 2883 iureconsultos
631 2823 790 2882 servatas.
828 2812 913 2877 Nam
929 2801 1013 2900 quae
1034 2812 1099 2879 fuit
1113 2813 1317 2900 insequentis
1333 2822 1419 2878 aetu-

272 2917 315 2980 tis
337 2916 482 3002 indoles,
505 2919 681 3005 scriptores
702 2917 737 2980 in
758 2916 853 2983 varia
873 2916 1028 2980 scientiae
1044 2911 1182 2997 materia
1196 2914 1422 2984 coacervanda
1462 2912 1465 2917 ’

273 3039 312 3082 ac
341 3018 547 3106 disponenda
575 3019 725 3107 occupati
755 3029 933 3085 sementem
971 3039 990 3082 a
1027 3017 1191 3102 prioribus
1230 3015 1420 3082 auctoribus

341 3260 363 3324 ¹)
377 3263 418 3312 cf.
439 3262 537 3314 Cicero
554 3263 632 3325 Brut.
652 3265 694 3326 56,
712 3263 771 3313 205.
824 3259 827 3264 ’

340 3345 361 3411 ²)
380 3347 500 3413 Augusti
522 3351 617 3400 aetate
640 3361 722 3410 quam
747 3345 852 3396 luerint
874 3348 993 3410 accepta
1018 3343 1094 3394 bacc-
1119 3341 1212 3394 studia
1234 3341 1360 3394 nevimus
1384 3359 1418 3394 ex

273 3432 385 3482 Horatii
403 3433 438 3484 ad
455 3433 609 3500 Angustum
628 3431 750 3497 epistula
768 3430 796 3481 11
815 3432 837 3492 1,
858 3432 891 3481 23
910 3445 951 3494 sq.
984 3455 986 3457 ·

375 3517 419 3568 Sic
432 3519 525 3582 fautor
541 3523 652 3571 ueterum
671 3515 720 3580 (sc.
739 3513 882 3582 populus),
901 3523 928 3565 ut
947 3515 1045 3565 tubulas
1062 3531 1172 3582 peccare
1189 3521 1318 3580 veluntas,

375 3601 444 3664 Quas
461 3604 499 3654 bis
518 3606 625 3670 quinque
635 3603 693 3654 oiri
708 3609 865 3658 sanxerunt,
882 3603 994 3664 foedera
1011 3617 1098 3667 rapum

320 3721 324 3724 -
379 3689 428 3740 Vel
446 3689 533 3741 Gabiis
550 3692 590 3741 uel
606 3706 661 3740 cum
677 3689 769 3754 riyidtc
786 3695 897 3753 aequata
915 3685 1032 3747 Sabinis,

375 3775 525 3839 Pontificum
541 3775 632 3833 libror,
651 3789 749 3825 annosa
766 3775 891 3825 uolumina
907 3780 990 3824 cutum

375 3859 483 3912 Dictitct
500 3862 603 3913 Albano
621 3860 712 3912 Musas
729 3862 755 3910 iu
772 3867 855 3911 moute
873 3862 981 3910 locutas.
1322 3883 1327 3890 ·

275 3943 384 3996 Seneca
403 3951 484 4012 epist.
503 3947 591 4000 CXIV
610 3949 641 3998 13
664 3947 742 3996 Multi
763 3961 798 3996 car
816 3946 899 3996 alieno
917 3945 1001 3995 ceculo
1023 3947 1113 4006 petunt
1135 3941 1225 4005 umba,
1245 3941 1308 3992 XII
1324 3942 1424 3993 tabulas
1486 3977 1488 3981 ψ
1545 3959 1548 3964 “

274 4035 431 4098 loquuntur:
443 4032 572 4084 Gracchus
589 4034 639 4084 iuis
657 4038 682 4083 ct
701 4031 811 4082 Graccus
828 4039 853 4080 et
866 4030 942 4081 Ourto
959 4031 1031 4085 nimis
1049 4029 1111 4079 culti
1127 4035 1153 4078 et
1170 4032 1287 4080 recentes
1304 4036 1370 4088 runt,
1390 4029 1426 4079 ud

277 4119 390 4187 Appium
406 4134 484 4184 usquc
502 4126 529 4170 ct
548 4119 733 4170 Coruncanium
749 4118 865 4170 redeunt.

343 4201 365 4265 ³)
386 4204 421 4254 cf.
441 4204 476 4256 de
495 4203 616 4255 Antistio
634 4203 766 4256 Labeone
784 4203 959 4268 potIssimum
978 4201 1085 4254 Gellius
1103 4201 1171 4251 XIII
1191 4203 1231 4260 10,
1252 4201 1275 4248 1.
1305 4199 1423 4251 OmnIno

276 4291 332 4340 Ista
351 4294 443 4341 aetate
462 4291 515 4342 hae
534 4289 669 4341 scientiae
687 4293 811 4340 uentum
825 4289 910 4339 certis
922 4287 1023 4338 finibus
1035 4274 1109 4339 inter
1120 4303 1151 4337 se
1164 4286 1320 4340 disiunctae
1334 4289 1432 4346 erant„

276 4374 312 4425 ol.
331 4375 503 4430 MerclrlInus
521 4377 550 4426 in
567 4375 711 4441 Philologo
729 4375 794 4426 XVI
809 4376 862 4426 1168
881 4389 943 4440 sqq.
