3282 4970
632 242 771 297 eleves
793 245 841 297 xi.
865 245 951 320 xn„

205 399 291 466 oo
510 407 594 468 ΗΝ
798 408 910 467 anu
1014 409 1019 420 ·
1088 399 1167 467 n'o

203 507 241 566 H
264 508 289 567 c
510 511 541 569 A
564 511 595 569 n
801 509 985 569 oum-rr
1087 509 1280 568 enan-u

202 610 290 669 An
510 611 589 671 eo
792 592 877 680 oi
1087 611 1167 670 no

202 711 289 770 ec
510 712 704 772 cuono
799 713 1024 772 noousn·
1088 711 1168 773 eo

205 812 290 872 oo
509 815 591 872 nn
799 814 878 874 no
1086 814 1166 874 no

202 914 291 973 Dc
364 929 365 932 ι
509 915 589 975 no
800 915 990 977 osana
1088 915 1167 974 uo

202 1016 290 1075 no
508 1017 589 1076 rc
798 1009 876 1076 nc
1081 1007 1167 1077 ‘ao

127 1186 132 1190 ,
202 1117 290 1177 no
509 1116 590 1179 ec
797 1109 1021 1179 noran-n
1089 1118 1167 1179 oo

61 1215 588 1280 ¹-ffl—„Ho
798 1219 878 1280 Bo

205 1321 456 1384 annno-n
508 1322 538 1380 A
562 1321 740 1382 noenu
771 1322 823 1413 ¹o
849 1324 983 1383 niv-u

665 1437 682 1474 lle
838 1451 840 1454 ·
874 1440 891 1477 ’lt

769 1482 786 1518 δὲ

215 1557 221 1564 ·
294 1538 484 1604 Macrobius
508 1537 577 1602 Sat.
600 1537 617 1600 I
642 1518 696 1620 13',
719 1539 759 1601 21
790 1537 990 1602 ‘Tuditanus
1019 1539 1121 1604 refert
1148 1538 1233 1604 libro
1256 1530 1355 1606 tertio

204 1641 463 1726 magistratuum
486 1638 706 1722 decemuiros,
735 1641 793 1726 qui
821 1640 933 1705 decem
961 1641 1083 1707 tabulis
1112 1641 1194 1706 duas
1222 1640 1356 1706 addide·
1425 1657 1428 1663 '

203 1753 302 1822 runt,
327 1741 373 1806 de'
395 1741 676 1806 intercalando
698 1742 856 1827 populum
878 1763 1020 1826 rogasse.
1066 1743 1200 1806 Cassius
1224 1743 1357 1807 eosdem

166 1905 169 1908 .
204 1844 326 1910 scribit
348 1850 523 1936 auctores.²

632 1960 819 2026 TABVLA
846 1961 926 2026 XII.

688 2081 716 2142 1.
742 2079 812 2164 (XI
833 2080 876 2166 1.)

297 2183 412 2266 Cicero
435 2181 476 2246 de
498 2204 566 2268 rep.
582 2180 685 2263 1137,
702 2181 754 2247 63.
782 2181 889 2266 ‘Ergo
912 2183 1028 2247 horum
1053 2183 1113 2267 (sc.
1137 2184 1358 2247 decemuirum

208 2285 303 2350 tertii
318 2285 409 2371 anni)
426 2306 469 2348 ex
490 2282 651 2348 iniustitia
666 2282 775 2348 subito
797 2294 914 2350 exorta
929 2295 979 2348 est
994 2285 1138 2349 maxima
1153 2287 1357 2372 perturbatio
1468 2277 1471 2279 ’

209 2395 245 2451 et
266 2387 367 2451 totius
391 2385 602 2451 commutatio
626 2383 840 2471 reipublicae:
866 2386 922 2472 qui
943 2385 1072 2451 duabus
1095 2387 1216 2451 tabulis
1231 2387 1357 2475 iniqua-

209 2505 285 2552 rum
307 2487 416 2572 legum
439 2486 576 2568 additis,
599 2487 717 2572 quibus
744 2487 843 2551 etiam
865 2509 949 2573 quae
972 2488 1128 2552 diiunctis
1151 2488 1280 2573 populis
1303 2490 1358 2552 tri-

209 2590 271 2655 bui
293 2588 400 2654 solent
421 2589 579 2670 conubia,
602 2587 683 2652 haec
705 2588 753 2652 illi
775 2596 813 2652 ut
835 2611 876 2652 ne
897 2587 987 2674 plebi
1009 2599 1042 2654 et
1063 2589 1212 2674 patribus
1236 2590 1358 2676 (plebei

211 2713 287 2754 cum
308 2713 340 2776 p.
363 2711 402 2754 m.
420 2691 619 2774 2soperscr.)
642 2699 767 2770 essent,
789 2689 1062 2754 inhumanissima
1084 2689 1155 2775 lege
1175 2702 1359 2757 sanxerunt

210 2830 253 2838 —
277 2811 360 2877 quae
374 2801 491 2877 postea
505 2791 695 2878 plebeiscito
713 2790 869 2857 Canuleio
894 2792 1084 2876 abrogatast
1106 2831 1160 2874 —‚
1184 2792 1357 2859 libidinose

211 2894 301 2956 omni
322 2893 460 2977 imperio
475 2903 517 2968 ¹et
538 2892 655 2958 acerbe
679 2902 711 2957 et
734 2915 832 2956 auare
856 2891 978 2978 populo
1000 2893 1236 2979 praefuerunt?

728 2993 760 3055 2.
785 2992 845 3078 (1.)

177 3080 182 3086 ⁸
263 3147 265 3153 .
299 3093 402 3158 Gaius
424 3093 507 3157 Inst.
524 3091 573 3156 IV
588 3093 639 3157 28.
662 3094 770 3178 ‘Lege
792 3104 904 3159 autem
925 3095 1114 3161 introducta
1135 3083 1186 3161 est
1207 3097 1356 3184 pignoris

212 3195 308 3281 capio
331 3193 423 3259 uelut
444 3194 516 3280 lege
538 3194 610 3259 XII
630 3195 818 3260 tabularum
846 3196 1006 3262 aduersus
1037 3219 1111 3262 eum
1137 3200 1192 3285 qui
1218 3199 1358 3263 hostiam

250 3355 253 3364 ’
283 3371 305 3421 1.
328 3368 425 3420 Liuius
443 3369 483 3418 IV
500 3369 530 3432 4,
551 3369 567 3418 5
586 3367 663 3418 ‘Hoc
686 3344 788 3433 ipsum,
812 3384 846 3419 ne
872 3371 1017 3432 conubium
1029 3372 1166 3435 patribus
1192 3386 1252 3420 cum
1276 3372 1356 3439 plebe

214 3458 305 3513 esset,
325 3467 380 3503 non
401 3452 551 3503 decemuiri
568 3452 693 3502 tulerunt
711 3453 806 3517 paucis
826 3453 869 3502 his
893 3455 974 3504 annis
997 3455 1116 3520 pessimo
1140 3453 1284 3522 [exemplo]
1308 3473 1356 3522 pu-

212 3538 288 3589 blico
308 3553 368 3586 cum
387 3551 492 3586 summa
509 3536 611 3585 iniuria
628 3535 748 3600 plebis?’
785 3538 937 3602 Dionysius
956 3538 1021 3588 Hal.
1039 3540 1064 3588 X
1080 3544 1113 3591 60
1136 3537 1163 3590 ol
1180 3539 1210 3590 δέ
1228 3537 1292 3606 περὶ
1304 3540 1357 3592 τὸν

213 3620 339 3673 Ἄππιον
356 3620 424 3672 τοὺς
443 3620 559 3672 λοιποὺς
578 3619 788 3684 τυγγράψαντεε
807 3622 911 3685 νόμον(
929 3621 960 3673 ἐν
978 3621 1084 3673 δέλτοις
1107 3623 1165 3674 butt
1188 3625 1233 3674 καί
1250 3624 1356 3676 ταὺτα(
1448 3639 1451 3644 ·

212 3709 275 3757 ταῖς
294 3705 437 3770 πρότερον
455 3693 651 3767 ἑξενεχθείεαι(
664 3702 853 3771 προεέθηκαν·
871 3705 901 3757 ἑν
919 3704 962 3758 αἱ(
981 3708 1025 3757 καί
1044 3707 1092 3758 ὅδε
1111 3707 1126 3760 ὁ
1145 3709 1231 3771 νόμοι
1248 3709 1285 3773 ἦν
1304 3711 1355 3774 ’μὴ

160 3809 162 3812 ·
213 3789 316 3862 ἐξεῖναι
337 3793 397 3840 rote
425 3786 580 3853 πατρικίοι(
603 3787 674 3852 πρὸ(
698 3788 765 3840 τοὺ(
789 3789 955 3854 δημοτικοὺ(
978 3789 1124 3855 ἐπιγαμία(Ι
1143 3792 1283 3856 cordum)
1319 3797 1355 3846 cf.

189 3896 193 3903 ·
214 3875 254 3924 XI
271 3875 304 3924 28
328 3873 373 3923 καί
392 3873 449 3937 ἅμα
467 3872 531 3924 οὐδ’
549 3871 634 3924 ἀξιῶν
653 3871 683 3924 ἐκ
702 3873 853 3938 δημοτικοῦ
871 3873 969 3937 γένουι
986 3874 1156 3940 ἁρμόιαεθαι
1172 3879 1263 3941 γάμον
1280 3880 1356 3945 παρὰ

213 3957 268 4009 τὸν
286 3952 376 4020 νόμον
399 3957 434 4008 ὃν
453 3956 539 4008 αὐτὸ(
566 3955 596 4008 ἐν
623 3961 686 4010 ταῑε
707 3957 817 4010 δώδεκα
838 3958 956 4011 δέλτοι(
974 3959 1115 4025 ἀνέγραψε
1138 3963 1196 4013 κτλ.
1233 3964 1318 4014 Gaius
1337 3966 1357 4016 l.

214 4044 253 4094 VI
273 4044 307 4093 ad
326 4042 416 4107 legem
434 4043 487 4093 XII
505 4044 581 4094 tabb.
601 4045 634 4096 D.
653 4047 700 4109 50,
721 4045 766 4107 16,
786 4030 836 4096 2'38
854 4044 953 4094 ‘Plebs
972 4049 1015 4096 est
1033 4049 1121 4096 ceteri
1140 4048 1217 4097 ciues
1235 4051 1295 4100 sine
1314 4065 1356 4100 oe·

214 4128 380 4180 natoribus.’
816 4190 822 4202 ·

282 4217 307 4267 ⁴2.
329 4211 414 4263 Gaius
433 4212 450 4262 l.
470 4211 508 4263 VI
526 4210 561 4262 ad
578 4212 668 4278 legem
686 4213 740 4263 XII
757 4214 834 4266 tabl),
859 4215 894 4268 D.
912 4217 954 4278 50,
975 4217 1014 4278 16,
1033 4219 1083 4268 ‘238
1101 4219 1116 4278 ξ
1134 4218 1150 4266 2
1168 4218 1290 4287 ‘Pignus
1308 4234 1355 4287 ap·

214 4299 349 4366 pellatum
367 4315 384 4348 a
402 4315 508 4365 pugno,
529 4299 594 4361 quia
613 4314 658 4348 reo
676 4314 747 4362 quae
765 4301 874 4365 pignori
891 4299 992 4349 dantur
1010 4316 1092 4351 manu
1111 4301 1266 4370 traduntur,
1285 4305 1356 4358 unde
