3282 4970
277 247 317 309 88
695 257 806 305 crrvr
829 233 1006 318 quurvu.

278 440 310 504 p.
325 416 389 482 452
404 421 488 481 ‘dz‘ce
503 421 630 480 dicam':
650 413 772 480 rationi
793 412 990 502 conveniens
1012 423 1063 478 est
1083 411 1171 478 hunc
1191 433 1288 478 usum
1308 412 1343 476 in
1364 411 1425 476 fu-

279 529 368 584 turo
383 519 582 586 substitisse.
599 555 641 564 -
656 518 767 602 Atque
781 515 858 580 hino
878 514 1024 602 quidem,
1039 537 1113 580 cum
1132 515 1200 580 iam
1216 512 1287 581 sola
1301 513 1424 580 vocalis

278 642 432 690 mensura
448 618 601 687 differant
615 619 798 705 praesentis
819 627 853 682 et
873 617 1011 704 perfecti
1031 616 1273 698 coniunctivus,
1293 625 1370 703 apte
1389 615 1426 680 id

280 721 378 790 simul
396 721 579 808 explicatur
602 721 658 808 qui
673 721 747 802 fiat,
768 729 805 784 ut
827 718 950 786 vocalis
969 719 1004 784 in
1024 718 1135 784 futuro
1156 719 1304 804 perfecto
1324 719 1426 804 gemi-

279 825 404 892 natica
417 824 641 909 grammaticis
656 831 749 888 tanta
763 844 837 888 cum
854 821 1026 907 diligentia
1040 823 1216 888 observata
1231 823 1285 888 sit.

366 931 557 992 ‘Arduaitur’
572 927 674 1011 igitur
688 926 754 990 iam
770 945 964 1011 persuasum
979 933 1030 990 est
1044 926 1226 990 futurum
1242 934 1426 991 exactum

282 1029 439 1117 passivi
454 1051 526 1094 esse
541 1038 639 1116 atque
653 1027 737 1094 raris
752 1026 818 1091 illis
834 1036 868 1092 et
881 1027 1113 1093 vetustissimis
1123 1028 1251 1092 tuturis
1273 1024 1427 1092 adnume-

281 1132 437 1212 randum,
453 1131 573 1218 quihus
588 1130 623 1195 in
638 1131 808 1217 passivam
827 1128 967 1193 formam
987 1150 1029 1194 ex
1045 1129 1156 1195 activa
1177 1127 1346 1196 translatis
1362 1138 1426 1194 ter·

186 1295 191 1308 ,
282 1233 418 1298 minatio
434 1233 568 1319 passivo
590 1233 723 1319 propria
745 1231 908 1312 adhaesit,
929 1231 1021 1296 cuius
1043 1233 1077 1295 in
1097 1230 1205 1297 locum
1225 1239 1341 1319 postea
1355 1253 1426 1296 suc·
1504 1303 1509 1310 ,

281 1335 381 1402 cessit
401 1333 471 1401 sola
490 1334 657 1420 participii
677 1355 752 1398 eum
773 1334 874 1400 verbo
902 1333 1108 1399 substantivo
1130 1333 1339 1419 compositio.
1374 1333 1427 1398 De

282 1437 400 1524 quibus
431 1437 547 1502 formis
558 1439 582 1524 1)
613 1458 728 1502 verum
759 1436 916 1502 iudicium
947 1434 1137 1519 Madvigius
1165 1435 1288 1522 Opusc.
1313 1435 1349 1502 II
1374 1435 1427 1516 81,

282 1538 415 1608 Curtius
431 1538 452 1604 l.
469 1539 490 1605 l.
507 1539 619 1625 pass,
636 1538 816 1603 Corssenus
833 1539 874 1603 de
886 1539 1008 1604 Enunt.
1020 1536 1055 1601 II
1070 1537 1112 1602 38
1124 1561 1195 1626 sqq.
1210 1537 1426 1624 protulerunt.

281 1643 391 1728 Atque
418 1663 460 1705 ex
486 1663 524 1706 eo
550 1662 685 1705 numero
712 1640 851 1708 alterum
876 1641 940 1705 luit
962 1641 996 1705 in
1024 1637 1095 1706 XII
1120 1638 1306 1727 exemplum
1327 1641 1428 1706 Festo

283 1753 499 1810 memoratum
520 1765 552 1830 p.
577 1744 637 1808 166
659 1746 855 1807 ‘Nancttor
874 1751 905 1806 ia
926 1746 997 1808 XII
1016 1753 1121 1808 cactus
1141 1747 1426 1824 erit‚'proendcrit'

283 1846 413 1932 (praeno
437 1851 496 1910 erit
518 1845 617 1932 cod).
654 1843 731 1926 Qua
759 1845 870 1930 glossa
895 1846 954 1912 vix
983 1843 1141 1910 credibile
1171 1854 1221 1910 est
1249 1845 1428 1912 Freherum

284 1949 416 2033 Parerg.
429 1946 446 2011 I
461 1947 481 2012 9
495 1948 543 2012 ita
557 1970 653 2014 usum
669 1969 751 2030 esse,
767 1958 805 2014 ut
820 1948 1052 2034 imperativum
1067 1947 1206 2032 fingeret
1221 1947 1283 2036 Vh
1299 1953 1430 2028 ‘pectilia

282 2054 435 2128 familiam
450 2058 662 2116 rroacitor’:
677 2049 902 2116 incredibilius
919 2051 1019 2116 etiam
1033 2050 1173 2115 eundem
1188 2051 1252 2115 hoc
1267 2071 1428 2117 commen·

284 2162 355 2218 tum
379 2153 585 2238 persuasisse
607 2150 811 2218 Gothoiredo
837 2161 869 2217 et
890 2152 1069 2218 Dirkseno.
1078 2153 1105 2238 ²)
1132 2187 1175 2202 —-
1201 2152 1247 2216 At
1272 2174 1332 2219 suo
1357 2154 1430 2219 iure

285 2255 326 2320 O.
341 2253 520 2320 Muellerus
541 2264 575 2320 et
594 2255 648 2320 hic
667 2266 700 2322 et
724 2255 852 2320 duobus
874 2253 931 2341 qui
952 2255 1066 2321 statim
1087 2263 1266 2342 sequuntur
1286 2254 1366 2320 locis
1387 2277 1431 2320 ex

284 2356 419 2424 foedere
433 2356 536 2424 latino
552 2364 722 2437 ‘pecuniam
737 2365 803 2436 qais
816 2364 967 2422 rraocieor’
983 2367 1017 2423 et
1032 2364 1071 2422 ‘sc'
1090 2363 1311 2437 occupauere
1325 2365 1431 2422 nosci-

284 2467 389 2526 acr'tor'
407 2458 482 2543 (sic)
499 2469 532 2525 et
547 2458 646 2524 simili
660 2483 693 2547 p.
709 2459 771 2524 227
787 2464 974 2524 ‘renascitur
996 2465 1119 2525 Verrius
1132 2465 1305 2538 straturam
1318 2467 1363 2526 uit
1376 2481 1430 2524 rc-

265 2628 267 2632 .
283 2567 490 2644 pretendere
506 2570 691 2629 constanter
706 2563 853 2648 reposuit
869 2569 1036 2627 ‘nancitor’
1051 2563 1091 2647 (s.
1103 2564 1302 2651 ‘caecator’)
1317 2571 1350 2629 ct
1365 2570 1430 2627 ‘re-

286 2672 454 2740 curritur'‚
471 2665 623 2750 quoniam
638 2687 658 2728 a
674 2665 824 2730 ‘nancio'
844 2700 879 2710 —
898 2666 985 2751 quod
1005 2665 1143 2731 verbum
1157 2664 1324 2731 Prisciano
1346 2673 1431 2731 teste

287 2791 319 2854 p.
337 2767 399 2833 888
414 2765 452 2829 P.
474 2766 570 2832 1513
585 2766 628 2833 H.
645 2771 694 2832 ‘in
715 2787 770 2830 osu
787 2770 851 2843 fuit
869 2774 1093 2845 uetustissimis,
1115 2768 1158 2832 cf.
1181 2767 1351 2834 Gracchus
1371 2789 1430 2853 pro

288 2891 337 2935 se:
365 2874 409 2934 ‘sa'
422 2876 563 2934 nuncium
579 2875 687 2951 populi
706 2871 942 2956 desiderrcm23)
958 2908 1001 2920 --
1015 2869 1199 2958 perfectum
1221 2869 1258 2935 fit
1279 2869 1430 2952 ‘nanxi',

287 2971 350 3036 fut.
362 2970 398 3037 ΙΙ
414 2976 547 3036 ‘nanxo’
564 2972 791 3058 (mann-ese).
807 2972 921 3060 Neque
938 2974 1023 3038 enim
1039 2971 1127 3058 quod
1138 2971 1359 3038 Mommsenus
1375 2992 1430 3038 vo

357 3213 376 3280 1)
395 3215 512 3266 Praeter
531 3231 579 3266 eas
597 3229 711 3280 quarum
730 3231 813 3280 supra
831 3215 935 3266 mentio
951 3215 1066 3265 inicitur
1083 3215 1137 3266 hae
1156 3213 1330 3266 adferuntur:
1350 3216 1434 3279 ‘soxi··

288 3306 340 3352 tur’
359 3301 388 3350 in
406 3300 549 3366 rogatione
569 3299 601 3352 de
620 3315 686 3351 vore
705 3316 785 3352 sacro
804 3317 849 3366 ap.
867 3299 977 3351 Livium
996 3301 1038 3364 22,
1058 3301 1099 3364 10,
1118 3301 1142 3349 6.
1166 3301 1302 3351 ‘inanitur’
1322 3299 1392 3352 Cato
1410 3316 1432 3352 r.

288 3403 309 3440 r.
330 3388 371 3436 14.
400 3386 583 3436 ‘turbescitm’
603 3387 631 3435 in
649 3384 714 3436 ficta
733 3385 876 3437 Ciceronis
894 3385 958 3452 lege
977 3385 1068 3448 1114,
1088 3387 1133 3448 11,
1159 3387 1258 3450 quibus
1277 3384 1432 3436 addendum

289 3468 471 3522 ‘mercasaiiur'
492 3469 604 3536 exlege
624 3471 736 3536 agraria
753 3486 779 3524 v.
798 3473 839 3521 71.

345 3532 376 3618 ⁴²)
395 3555 510 3606 Rectius
529 3555 661 3606 Cuiacius
680 3555 760 3606 Obss.
775 3558 815 3621 10,
834 3558 879 3606 11:
899 3571 960 3606 cum
978 3572 1057 3607 suam
1075 3555 1144 3622 legis
1156 3557 1210 3608 vc
1227 3557 1432 3607 restitutionem

289 3641 580 3707 ‘agnatusproximus
599 3641 716 3692 tutelam
739 3643 884 3692 nancitor’
907 3657 1004 3708 parurn
1028 3641 1213 3694 commendari
1235 3641 1314 3693 Festi
1337 3641 1432 3708 glossa

288 3726 374 3778 dicct.

356 3811 376 3875 ³)
397 3816 509 3863 ‘nauco'
529 3812 642 3863 verbum
661 3828 752 3864 errore
772 3813 865 3864 effecit
883 3815 1006 3880 Boppius
1025 3813 1072 3864 Gr.
1093 3827 1180 3878 comp.
1199 3813 1242 3864 ΙΙΙ
1260 3829 1286 3879 p.
1301 3815 1358 3864 133.
1378 3811 1433 3862 Sed

289 3913 343 3964 quo
365 3897 445 3948 modo
468 3897 620 3948 Oorssenus
645 3898 737 3963 Symb.
762 3900 823 3948 erit.
851 3916 877 3964 p.
896 3900 928 3949 37
958 3899 1096 3949 ‘nancire’
1123 3899 1237 3950 verbum
1264 3902 1371 3950 statuat
1400 3913 1433 3948 ex

291 3983 412 4034 Gracchi
430 3983 492 4034 loco
511 3985 708 4035 necessario
726 3984 867 4050 intellegi,
886 3999 940 4035 non
958 3984 1048 4035 minus
1067 3998 1210 4048 assequor.
1230 3982 1281 4033 Oui
1301 3984 1354 4034 etsi
1372 3998 1432 4048 spe-

289 4069 348 4120 eies
366 4069 500 4134 quaedam
519 4068 630 4120 accedit
648 4086 681 4121 ex
700 4071 906 4136 comparatione
924 4085 949 4122 v.
968 4071 1076 4121 ‘sancio
1088 4070 1193 4122 sanxi’:
1213 4073 1242 4120 at
1261 4069 1355 4119 codem
1373 4067 1433 4118 iure

288 4155 363 4206 haud
381 4154 463 4206 dubie
483 4156 580 4221 ‘capio
605 4156 707 4222 capsi’,
727 4156 815 4208 ‘facio
835 4155 910 4208 iaxi'
928 4157 958 4206 in
981 4171 1092 4207 censum
1110 4171 1212 4208 vocare
1235 4147 1312 4206 licet.
1348 4155 1434 4204 Immo

290 4240 382 4305 aptius
401 4240 517 4292 sumitur
535 4257 552 4292 a
570 4237 722 4292 ‘nancitur’
742 4240 908 4294 descendere
928 4241 1120 4294 ‘nanciscitur’
1136 4256 1221 4306 quam
1234 4255 1252 4292 a
1269 4241 1433 4303 ‘nancitur’‚

289 4327 320 4374 ut
339 4339 356 4374 a
375 4328 497 4390 ‘pacare’
517 4326 547 4377 fit
565 4326 703 4392 ‘pacisci’
