3282 4992
350 329 397 375 DE
420 330 472 376 XII
494 327 708 376 TABVLARVII
730 324 909 386 RELIQVIIS
933 324 1221 376 consmrvsrtms.
1313 311 1352 376 II

299 482 346 546 At
360 481 465 547 sicubi
486 504 546 568 pro
567 479 725 567 singulari
745 502 904 567 personae
925 480 1137 545 substituitur
1160 459 1354 566 pluralis,

213 584 348 670 propria
363 593 413 649 est
429 577 499 650 sive
516 583 656 649 duorum
671 582 741 648 sive
757 582 899 669 plurium
915 604 1045 647 caussa:
1069 583 1210 646 16‘rem
1224 588 1275 647 ubi
1291 604 1353 662 pa-

213 694 298 759 cunt,
321 695 405 750 oraio
419 723 459 732 —
474 695 545 750 ante
557 690 710 749 meridiem
729 705 867 749 caussam
887 690 1049 750 coiciunta'
1066 733 1074 748 .
1092 733 1125 748 ..
1155 683 1241 749 V15
1262 691 1306 748 ‘si
1323 691 1354 747 in

213 793 279 851 iure
294 807 415 853 manum
430 795 610 852 conserunt'
640 785 709 852 VII
723 787 744 850 5
760 793 800 850 ‘si
812 793 956 866 turpant!
986 785 1040 852 III
1055 787 1075 851 6
1095 791 1204 867 ‘partis
1218 801 1354 851 secante:

213 895 241 953 si
249 895 321 968 ptus
336 896 468 954 minusue
481 899 653 967 secuerunt,
673 910 706 953 se
721 892 840 965 fraude
859 897 940 953 esto!
970 888 1001 953 V
1015 888 1036 953 5
1051 893 1190 967 ‘penates
1201 893 1353 968 familiam

213 996 359 1056 tabente!
390 990 424 1055 X
438 991 460 1056 4
475 999 624 1056 ‘mulieres
635 1010 731 1071 penas
745 1012 783 1054 ne
796 995 939 1054 radunto'
958 1040 965 1056 .
983 1039 990 1055 .
1007 1039 1015 1056 .

297 1092 369 1157 Iam
384 1114 462 1158 vero
478 1115 562 1180 quae
577 1093 612 1157 in
628 1114 785 1179 oppressa
799 1085 958 1178 personae
973 1092 1101 1177 agentis
1116 1093 1355 1178 significatione
1409 1167 1413 1175 ¹

214 1194 414 1282 conspicitur
429 1195 562 1260 ¹concisa
576 1194 741 1276 brevitas,
765 1192 879 1259 eedem
894 1204 944 1259 est
964 1194 997 1257 in
1020 1217 1058 1258 ea
1078 1217 1251 1282 persona
1272 1217 1355 1282 quae

214 1297 394 1362 sententiae
419 1296 512 1383 quasi
533 1296 739 1363 obiectum
764 1295 966 1381 intellegitur
986 1296 1211 1382 exprimenda.
1241 1296 1355 1382 Neque
1430 1282 1435 1289 ’
1467 1339 1469 1344 -

214 1398 300 1463 enim
316 1397 413 1464 aliter
429 1399 569 1485 exprimi
585 1397 668 1464 solet
683 1397 747 1462 nisi
769 1397 910 1484 simplici
930 1397 1121 1484 pronomine
1143 1399 1207 1461 ‘is'
1226 1437 1260 1446 -
1279 1419 1355 1462 nam

213 1521 253 1563 ea
266 1521 353 1565 nunc
366 1499 450 1564 nihil
464 1522 572 1567 moror
587 1522 671 1586 quae
687 1497 807 1564 diserte
828 1501 1069 1586 opposita·sunt
1084 1501 1100 1564 I
1115 1500 1147 1563 4.
1169 1500 1204 1564 II
1219 1501 1249 1563 2.
1269 1500 1355 1563 VIII

212 1600 243 1664 3.
258 1601 298 1664 21
316 1624 372 1665 —-:
389 1601 489 1688 idque
504 1603 613 1688 ipsum
629 1611 699 1666 tum
715 1601 845 1665 demum
862 1601 1064 1684 admittitur,
1087 1601 1115 1665 si
1135 1602 1169 1664 in
1189 1600 1354 1687 prioribus

213 1701 312 1768 habet
333 1725 397 1789 quo
420 1705 595 1790 pertineat.
627 1702 736 1768 cf.11
755 1691 860 1784 ‘ni'it,
882 1711 1085 1768 antestamino.
1115 1710 1207 1781 ipitur
1226 1723 1277 1766 em
1296 1725 1355 1766 cn-
1400 1729 1402 1731 ·

211 1811 296 1884 pite)
327 1802 416 1869 1113
432 1807 895 1883 ‘niiudicatumsacitautpuis
915 1811 992 1870 endo
1011 1827 1051 1869 ee
1071 1813 1101 1870 in
1123 1813 1189 1871 iure
1209 1809 1354 1876 uindicit‚’

213 1905 244 1969 V
260 1906 279 1970 t
296 1911 336 1968 ‘si
345 1908 482 1982 furiosus
496 1913 580 1983 escit,
602 1917 650 1971 ast
669 1913 703 1971 ei
720 1917 817 1972 eustos
832 1928 887 1972 nec
901 1913 987 1981 escit,
1004 1913 1168 1985 adpnulum
1181 1914 1354 1986 pentilium-
1379 1919 1382 1926 “

213 1994 269 2085 que
283 2013 314 2071 in
330 2029 369 2072 eo
380 2016 569 2089 pecuniaque
583 2015 666 2074 eius
679 2019 808 2088 potestas
822 2015 906 2073 esta’
935 2008 1022 2075 VIII
1037 2009 1057 2072 2
1072 2015 1112 2073 ‘si
1124 2015 1283 2074 membrum
1298 2032 1356 2073 ru-

211 2115 265 2189 pit,
280 2116 314 2173 m'
327 2130 393 2173 eum
409 2131 449 2174 eo
459 2119 555 2192 pacit'
575 2160 582 2175 .
599 2161 607 2176 .
624 2110 711 2176 VIII
728 2112 777 2175 11.
793 2111 828 2174 Χ
843 2112 873 2175 9.
904 2110 1029 2175 Verum
1050 2111 1092 2176 ab
1107 2122 1246 2197 utraque
1261 2121 1355 2196 parte

214 2234 279 2276 non
294 2221 392 2277 vacat
407 2214 589 2300 suspitione
604 2211 728 2278 VIIII
750 2219 795 2277 ‘si
810 2219 954 2278 iniuriam
976 2219 1097 2276 alteri
1111 2217 1226 2295 sarsit,
1253 2220 1358 2290 atpium

214 2321 342 2394 quinque
351 2335 469 2394 poenae
483 2324 596 2380 sunto':
611 2314 732 2380 iniuria
747 2315 833 2382 enim
850 2337 979 2400 semper
993 2315 1030 2379 fit
1045 2315 1183 2394 alteri,
1206 2323 1238 2380 et
1253 2336 1355 2402 aeque

109 2457 114 2472 ·
213 2418 296 2482 bene
312 2419 538 2503 expectaveris
555 2422 596 2481 ‘si
608 2422 769 2482 membrum
784 2423 901 2482 alteri
914 2423 1014 2497 rupit’
1036 2427 1069 2483 et
1084 2423 1128 2482 ‘si
1140 2424 1170 2482 in
1186 2423 1233 2482 ius
1254 2425 1355 2481 uite-

213 2539 293 2584 rum
319 2527 421 2584 aocnt'
447 2527 524 2585 eta:
553 2518 826 2606 quemadmodum
853 2542 932 2584 sane
958 2517 1086 2584 Gellius
1117 2520 1356 2585 circumscribit

214 2619 283 2684 XX
301 2622 328 2702 1,
344 2621 386 2686 34
402 2628 467 2700 ‘qui
479 2627 640 2686 membrum
655 2629 746 2687 alteri
758 2629 888 2704 rupisset
896 2631 904 2658 '
920 2621 964 2687 cf.
983 2623 1022 2686 16
1038 2629 1110 2701 ‘qui
1122 2629 1168 2686 sin
1184 2626 1354 2694 membrum,

213 2728 315 2803 inquit,
331 2730 369 2787 ai
374 2729 450 2787 teri
462 2729 635 2804 imprudens
649 2731 798 2805 ruperiti'
814 2725 899 2789 Nam
915 2722 1001 2810 quod
1016 2723 1208 2789 Huscbkius
1224 2723 1355 2788 ‘Gaius'

213 2848 246 2912 p.
264 2826 323 2890 117
345 2825 507 2910 distingui
533 2826 653 2892 voluit:
681 2833 726 2890 ‘si
745 2833 886 2891 iniurium
910 2831 1008 2905 seuit,
1029 2834 1148 2892 atteri
1171 2833 1304 2905 uipintiq.
1323 2849 1355 2906 p.

213 2933 313 2992 sunto’
330 2949 395 2992 non
416 2927 531 2992 nititur
550 2927 616 2992 nisi
635 2951 739 3014 prava
759 2929 923 2994 editorum
944 2928 1044 2994 Gellii
1064 2929 1241 2994 mutatione
1256 2932 1358 3020 '‘surit

214 3036 318 3094 ulteri'
340 3040 373 3096 et
393 3029 553 3096 librorum
574 3031 731 3096 memoria
751 3040 784 3096 et
803 3029 898 3095 Pauli
918 3030 1105 3095 testimonio
1127 3032 1161 3094 in
1181 3030 1299 3096 Callai.
1322 3031 1356 3095 II

214 3123 245 3214 5,
256 3131 282 3196 ‘5
297 3137 362 3210 ‘qui
374 3138 517 3195 iniuriam
533 3138 624 3196 alteri
633 3136 728 3209 sacit'
744 3171 787 3180 -—
802 3154 1000 3220 quamquam
1015 3131 1070 3196 ille
1091 3155 1132 3196 ne
1148 3133 1189 3198 ab
1206 3131 1266 3196 hoc
1287 3132 1356 3218 qui-

208 3229 289 3298 dem
309 3256 439 3299 manum
456 3234 618 3300 abstinuit
638 3273 679 3282 -
698 3234 824 3320 pariter
845 3234 1010 3298 damnata.
1046 3234 1151 3320 Atqui
1170 3233 1232 3298 bac
1253 3243 1354 3298 muta·

214 3336 304 3402 tione
319 3358 425 3423 neque
445 3335 581 3401 sustulit
595 3357 693 3422 quam
709 3336 790 3402 dicit
810 3335 1059 3417 obscuritatem,
1084 3336 1143 3401 sed
1159 3334 1281 3418 intulit,
1303 3359 1357 3400 ne·

214 3443 277 3525 que
292 3439 432 3504 removit
446 3461 558 3504 veram
574 3437 797 3522 offensionem,
814 3438 873 3503 sed
888 3438 931 3502 ad
945 3439 1136 3526 primarium
1152 3439 1357 3504 enuntiatum

214 3563 234 3604 s
261 3539 453 3605 secundario
479 3541 687 3607 transnrovit.
718 3541 835 3606 Tutius
862 3542 963 3626 igitur
988 3541 1142 3606 statueris
1168 3545 1293 3605 ‘atteri'
1315 3563 1356 3605 ex

214 3641 396 3728 posteriore
412 3642 544 3708 dicendi¹
557 3665 664 3726 more,
687 3643 778 3707 cuius
799 3643 957 3730 primum,
979 3643 1012 3708 ni
1034 3640 1149 3726 fallor,
1171 3643 1356 3729 exemplum

214 3744 248 3807 in
264 3742 336 3829 lege
352 3743 487 3830 Aquilia
502 3754 594 3810 extat
611 3752 743 3824 ‘siquis
764 3752 883 3809 alteri
896 3751 1037 3810 domnum
1050 3749 1153 3823 sueit'
1171 3745 1263 3830 (Dig.
1280 3746 1308 3826 9,
1324 3743 1355 3826 2,

213 3845 255 3910 27
276 3849 296 3928 ξ
317 3845 368 3931 5),
397 3846 571 3932 aliquando
598 3847 632 3912 in
658 3845 764 3932 legem
788 3847 916 3912 illatum
944 3846 1058 3913 fuisse.
1090 3885 1124 3896 -·
1153 3847 1228 3912 Non
1249 3846 1356 3912 minus

214 3957 324 4012 autem
338 3945 373 4011 in
394 3946 478 4033 legis
494 3948 613 4014 VIIII
636 3957 827 4036 argumento
848 3972 890 4014 ex
910 3950 1069 4016 Cicerone
1089 3949 1178 4036 apud
1199 3950 1356 4034 Augusti·

213 4072 291 4113 num
314 4049 355 4114 de
376 4049 413 4115 O.
434 4051 478 4114 D.
499 4049 576 4115 119
603 4060 733 4118 servato
760 4059 804 4118 ‘si
826 4059 892 4132 quis
916 4059 1127 4119 occentavisset
1150 4059 1210 4116 siue
1234 4073 1357 4117 carmen

213 4157 394 4217 condidisset
404 4157 484 4245 quod
496 4157 654 4230 infamium
669 4158 790 4232 sacerd
801 4161 987 4234 dapittnmue
1001 4162 1039 4218 al
1047 4162 1120 4219 teri
1127 4163 1145 4228 ',
1161 4175 1236 4217 eum
1251 4155 1358 4241 cupite

214 4253 340 4341 puniri,
361 4261 485 4320 ‘atteri’
502 4277 694 4344 persuasum
715 4266 766 4322 est
787 4257 953 4338 Ciceroni,
976 4279 1042 4323 nou
1062 4257 1126 4342 legi
1147 4256 1357 4324 tribuendum

215 4377 297 4423 esse.
